2600 4284
454 502 543 559 Liber
558 503 691 578 Epodon.
715 509 754 563 tt.

142 678 314 765 Argutat
338 677 454 764 igneis.
483 679 561 740 Cum
581 675 644 741 tuis
665 684 735 763 (age
757 699 848 754 exue,

144 781 189 841 Si
214 795 339 865 potes,
365 800 505 843 amorem
526 780 642 863 patris)
669 778 855 844 Adeodstus

145 882 409 946 Infunderetnr
425 881 578 957 brachiis,
600 883 699 966 rupes
721 881 815 944 eras?

146 988 250 1049 Cum
274 988 447 1069 respuenti
468 984 602 1068 pellices
624 983 734 1067 Alipio

152 1089 299 1150 Saltem
320 1087 480 1169 probares
500 1083 637 1169 nuptias,
658 1086 739 1148 silex
760 1085 854 1148 eras?

150 1189 190 1254 Ο
218 1205 261 1253 te
284 1203 423 1271 repente
444 1187 610 1251 duriorem
629 1187 785 1262 cautibus,
935 1264 937 1268 Ι

152 1291 282 1385 Quem
305 1290 490 1355 molliorem
510 1309 614 1372 nuper
633 1288 737 1352 haedo
758 1287 912 1354 vidimus!
1020 1305 1054 1357 2⁰

154 1389 266 1489 Quid
286 1391 417 1454 restitas
439 1390 592 1454 abductus
613 1390 725 1455 orbeis
745 1390 900 1453 luminum

154 1499 385 1578 Tergumque
408 1492 494 1555 furis
514 1494 615 1557 instar
637 1493 782 1558 obtortis
803 1491 905 1555 mibi?

156 1595 277 1657 Curas
299 1592 419 1678 fugavi,
447 1593 555 1678 depuli
575 1595 698 1658 tristeis
712 1609 830 1658 metuet

157 1700 237 1758 lam
260 1715 316 1758 me
338 1693 513 1780 relinques,
537 1697 639 1780 qualis
659 1695 804 1780 Aegides
827 1717 914 1760 susm

158 1801 284 1866 Vanus
307 1795 507 1860 Ariadnam?
529 1800 580 1859 Tu
601 1795 748 1881 pudieus,
773 1813 807 1861 tu
828 1785 975 1882 probus?
1018 1807 1052 1862 25

164 1900 241 1965 Sed
260 1920 328 1963 non
349 1898 481 1962 inultam
501 1899 627 1974 riseris,
648 1919 711 1961 nea
731 1898 864 1964 deserar

164 2005 301 2068 Onusta
320 2000 460 2084 probris.
506 2003 643 2084 Semper
664 2000 807 2065 haerebo
829 2021 954 2066 eomes:

166 2105 295 2166 Fatalis
316 2101 428 2165 umbra
451 2121 579 2184 semper
600 2101 734 2165 invitum
755 2123 880 2188 sequar.

168 2210 311 2290 lmpune
333 2219 368 2268 ut
389 2202 501 2267 orbern
524 2203 660 2265 erimine
682 2202 828 2285 impleris
849 2205 929 2270 tuo?

170 2307 352 2371 Confessus
374 2306 453 2369 illud
471 2306 608 2368 erimine
630 2306 777 2390 impleris
798 2328 871 2370 meo
879 2306 899 2386 l·
1018 2315 1052 2370 3⁰

170 2409 294 2492 Dignis
314 2423 349 2470 ut
371 2427 482 2492 usque,
502 2406 654 2491 profuge,
676 2410 791 2493 poenis
813 2423 973 2494 suppetas,

170 2512 292 2572 Pacem
314 2507 391 2583 diei,
412 2508 560 2572 turbidae
581 2509 669 2572 noeti
690 2531 781 2573 suum

170 2610 324 2673 Adimam
346 2633 495 2695 soporem
508 2626 550 2675 ‘et
570 2612 659 2674 mille
681 2612 801 2676 formas
823 2611 977 2698 ingeram,

172 2713 303 2808 Quibus
324 2715 436 2797 perire
456 2727 491 2777 ut
511 2734 576 2777 non
597 2713 828 2800 velis,pereas
849 2728 964 2781 tamen.

170 2815 286 2900 Figam
307 2814 455 2877 medullis
477 2814 599 2879 abditas
621 2815 694 2878 imis
716 2815 821 2880 faces:
1016 2819 1049 2872 35

170 2914 349 2978 Damnatus
370 2917 451 2978 alter
473 2915 582 2980 cordis
605 2918 697 2980 Ixion
717 2917 773 2993 tui,

93 3034 94 3039 ’
171 3019 296 3084 Volves
317 3017 436 3081 amoris
454 3017 598 3082 flebilem
621 3020 731 3085 volves
750 3033 864 3083 rotam.

93 3176 94 3184 ,
171 3120 337 3204 laxoque,
366 3132 400 3181 ut
421 3121 501 3182 alter
523 3121 671 3185 Tantalus
694 3119 805 3204 Cyprii
827 3117 924 3183 maris

172 3220 293 3284 Mediis
317 3221 351 3282 in
373 3219 468 3283 undis
490 3221 575 3284 iuter
596 3223 665 3308 ipsa
688 3224 810 3286 somnia
988 3299 995 3314 ἱ

93 3336 94 3365 t
173 3323 452 3408 Amplexuumque
473 3343 710 3411 corporumque
733 3323 891 3409 imagines
1014 3331 1049 3384 to

93 3458 94 3513 p
172 3426 272 3490 Feras
295 3424 429 3489 dolores
450 3440 482 3488 et
502 3447 620 3492 norum
642 3429 712 3492 sitis
731 3448 843 3513 genus.

93 3513 98 3601 Ι
