<?xml version="1.0" encoding="UTF-8"?>
<!DOCTYPE html PUBLIC "-//W3C//DTD XHTML 1.0 Transitional//EN"
    "http://www.w3.org/TR/xhtml1/DTD/xhtml1-transitional.dtd">
<html xmlns="http://www.w3.org/1999/xhtml" xml:lang="en" lang="en">
 <head>
  <title>
</title>
<meta http-equiv="Content-Type" content="text/html;charset=utf-8" />
  <meta name='ocr-system' content='tesseract 3.04.00' />
  <meta name='ocr-capabilities' content='ocr_page ocr_carea ocr_par ocr_line ocrx_word'/>
</head>
<body>
  <div class='ocr_page' id='page_1' title='image "./jacobibaldecarm00mlgoog_0376.png"; bbox 0 0 2600 4284; ppageno 0'>
   <div class='ocr_carea' id='block_1_1' title="bbox 255 512 773 591">
    <p class='ocr_par' dir='ltr' id='par_1_1' title="bbox 255 512 773 591">
     <span class='ocr_line' id='line_1_1' title="bbox 255 512 773 591; baseline -0.015 -14"><span class='ocrx_word' id='word_1_1' title='bbox 255 518 319 591; x_wconf 80' lang='lat'><strong>³52</strong></span> <span class='ocrx_word' id='word_1_2' title='bbox 508 566 514 578; x_wconf 85' lang='grc'><strong><em>,</em></strong></span> <span class='ocrx_word' id='word_1_3' title='bbox 565 512 669 573; x_wconf 67' lang='lat' dir='ltr'><strong>amaa</strong></span> <span class='ocrx_word' id='word_1_4' title='bbox 684 512 773 571; x_wconf 66' lang='lat' dir='ltr'><strong>aua«</strong></span> 
     </span>
    </p>
   </div>
   <div class='ocr_carea' id='block_1_2' title="bbox 292 685 943 1071">
    <p class='ocr_par' dir='ltr' id='par_1_2' title="bbox 292 685 943 1071">
     <span class='ocr_line' id='line_1_2' title="bbox 292 685 943 763; baseline -0.006 -10"><span class='ocrx_word' id='word_1_5' title='bbox 292 690 378 753; x_wconf 88' lang='lat' dir='ltr'><strong>Hine</strong></span> <span class='ocrx_word' id='word_1_6' title='bbox 399 686 508 755; x_wconf 77' lang='lat' dir='ltr'><strong>vibret</strong></span> <span class='ocrx_word' id='word_1_7' title='bbox 525 687 631 753; x_wconf 82' lang='lat' dir='ltr'><strong>haataa</strong></span> <span class='ocrx_word' id='word_1_8' title='bbox 654 687 704 751; x_wconf 81' lang='lat' dir='ltr'><strong>ira</strong></span> <span class='ocrx_word' id='word_1_9' title='bbox 725 687 778 753; x_wconf 81' lang='lat' dir='ltr'><strong>vel</strong></span> <span class='ocrx_word' id='word_1_10' title='bbox 798 685 943 763; x_wconf 72' lang='lat' dir='ltr'><strong>ambitui,</strong></span> 
     </span>
     <span class='ocr_line' id='line_1_3' title="bbox 295 787 847 874; baseline -0.004 -21"><span class='ocrx_word' id='word_1_11' title='bbox 295 791 388 853; x_wconf 87' lang='lat' dir='ltr'><strong>llline</strong></span> <span class='ocrx_word' id='word_1_12' title='bbox 408 790 588 874; x_wconf 77' lang='lat' dir='ltr'><strong>pharetrae</strong></span> <span class='ocrx_word' id='word_1_13' title='bbox 600 789 665 857; x_wconf 84' lang='lat' dir='ltr'><strong>tela</strong></span> <span class='ocrx_word' id='word_1_14' title='bbox 686 787 847 872; x_wconf 83' lang='lat' dir='ltr'><strong>cupidinis</strong></span> 
     </span>
     <span class='ocr_line' id='line_1_4' title="bbox 336 892 867 977; baseline 0 -22"><span class='ocrx_word' id='word_1_15' title='bbox 336 892 488 977; x_wconf 26' lang='lat' dir='ltr'><strong>Figanda‘</strong></span> <span class='ocrx_word' id='word_1_16' title='bbox 500 906 648 976; x_wconf 85' lang='lat' dir='ltr'><strong>promant</strong></span> <span class='ocrx_word' id='word_1_17' title='bbox 669 904 722 955; x_wconf 87' lang='lat' dir='ltr'><strong>aut</strong></span> <span class='ocrx_word' id='word_1_18' title='bbox 742 910 867 957; x_wconf 79' lang='lat' dir='ltr'><strong>veneno</strong></span> 
     </span>
     <span class='ocr_line' id='line_1_5' title="bbox 377 992 828 1071; baseline 0.004 -16"><span class='ocrx_word' id='word_1_19' title='bbox 377 994 520 1067; x_wconf 85' lang='lat' dir='ltr'><strong>Invidiae</strong></span> <span class='ocrx_word' id='word_1_20' title='bbox 541 993 698 1059; x_wconf 82' lang='lat' dir='ltr'><strong>medioata</strong></span> <span class='ocrx_word' id='word_1_21' title='bbox 718 992 828 1071; x_wconf 74' lang='lat' dir='ltr'><strong>fautus,</strong></span> 
     </span>
    </p>
   </div>
   <div class='ocr_carea' id='block_1_3' title="bbox 295 1174 1010 1566">
    <p class='ocr_par' dir='ltr' id='par_1_3' title="bbox 295 1174 1010 1566">
     <span class='ocr_line' id='line_1_6' title="bbox 295 1174 847 1260; baseline 0.004 -23"><span class='ocrx_word' id='word_1_22' title='bbox 295 1174 389 1239; x_wconf 85' lang='lat' dir='ltr'><strong>Subit</strong></span> <span class='ocrx_word' id='word_1_23' title='bbox 409 1175 586 1260; x_wconf 80' lang='lat' dir='ltr'>procellam</span> <span class='ocrx_word' id='word_1_24' title='bbox 606 1174 725 1239; x_wconf 84' lang='lat' dir='ltr'><strong>fortior</strong></span> <span class='ocrx_word' id='word_1_25' title='bbox 747 1174 847 1259; x_wconf 80' lang='lat' dir='ltr'><strong>alipes</strong></span> 
     </span>
     <span class='ocr_line' id='line_1_7' title="bbox 297 1276 1010 1362; baseline 0.003 -23"><span class='ocrx_word' id='word_1_26' title='bbox 297 1277 442 1342; x_wconf 75' lang='lat' dir='ltr'><strong>Fervena</strong></span> <span class='ocrx_word' id='word_1_27' title='bbox 456 1276 662 1362; x_wconf 78' lang='lat' dir='ltr'><strong>fremensque</strong></span> <span class='ocrx_word' id='word_1_28' title='bbox 685 1292 718 1341; x_wconf 90' lang='lat' dir='ltr'><strong>et</strong></span> <span class='ocrx_word' id='word_1_29' title='bbox 738 1279 849 1343; x_wconf 79' lang='lat' dir='ltr'><strong>sorbet</strong></span> <span class='ocrx_word' id='word_1_30' title='bbox 868 1277 1010 1342; x_wconf 81' lang='lat' dir='ltr'><strong>anhelitu</strong></span> 
     </span>
     <span class='ocr_line' id='line_1_8' title="bbox 336 1380 840 1464; baseline 0.002 -23"><span class='ocrx_word' id='word_1_31' title='bbox 336 1383 471 1442; x_wconf 84' lang='lat' dir='ltr'><strong>Terram</strong></span> <span class='ocrx_word' id='word_1_32' title='bbox 491 1381 715 1464; x_wconf 78' lang='lat' dir='ltr'><strong>volaturuaque</strong></span> <span class='ocrx_word' id='word_1_33' title='bbox 737 1380 840 1443; x_wconf 83' lang='lat' dir='ltr'><strong>neaeit</strong></span> 
     </span>
     <span class='ocr_line' id='line_1_9' title="bbox 380 1479 953 1566; baseline -0.003 -19"><span class='ocrx_word' id='word_1_34' title='bbox 380 1484 470 1547; x_wconf 86' lang='lat' dir='ltr'><strong>Stare</strong></span> <span class='ocrx_word' id='word_1_35' title='bbox 491 1485 564 1547; x_wconf 85' lang='lat' dir='ltr'><strong>loeo</strong></span> <span class='ocrx_word' id='word_1_36' title='bbox 586 1501 794 1566; x_wconf 75' lang='lat' dir='ltr'><strong>remotasque</strong></span> <span class='ocrx_word' id='word_1_37' title='bbox 818 1479 953 1547; x_wconf 84' lang='lat' dir='ltr'><strong>damnat.</strong></span> 
     </span>
    </p>
   </div>
   <div class='ocr_carea' id='block_1_4' title="bbox 296 1666 917 2059">
    <p class='ocr_par' dir='ltr' id='par_1_4' title="bbox 296 1666 917 2059">
     <span class='ocr_line' id='line_1_10' title="bbox 296 1666 917 1751; baseline -0.01 -13"><span class='ocrx_word' id='word_1_38' title='bbox 296 1672 368 1738; x_wconf 83' lang='lat' dir='ltr'><strong>Nisi</strong></span> <span class='ocrx_word' id='word_1_39' title='bbox 389 1668 577 1735; x_wconf 79' lang='lat' dir='ltr'><strong>antecedant</strong></span> <span class='ocrx_word' id='word_1_40' title='bbox 590 1666 732 1744; x_wconf 75' lang='lat' dir='ltr'><strong>classica,</strong></span> <span class='ocrx_word' id='word_1_41' title='bbox 757 1666 917 1751; x_wconf 84' lang='lat' dir='ltr'><strong>praesurit</strong></span> 
     </span>
     <span class='ocr_line' id='line_1_11' title="bbox 300 1769 896 1860; baseline -0.012 -20"><span class='ocrx_word' id='word_1_42' title='bbox 300 1775 434 1860; x_wconf 86' lang='lat' dir='ltr'><strong>Sibique</strong></span> <span class='ocrx_word' id='word_1_43' title='bbox 454 1773 556 1837; x_wconf 80' lang='lat' dir='ltr'><strong>iaetus</strong></span> <span class='ocrx_word' id='word_1_44' title='bbox 576 1770 712 1835; x_wconf 81' lang='lat' dir='ltr'><strong>buccina</strong></span> <span class='ocrx_word' id='word_1_45' title='bbox 732 1769 896 1833; x_wconf 85' lang='lat' dir='ltr'><strong>turbidum</strong></span> 
     </span>
     <span class='ocr_line' id='line_1_12' title="bbox 341 1872 818 1959; baseline -0.01 -19"><span class='ocrx_word' id='word_1_46' title='bbox 341 1880 492 1940; x_wconf 77' lang='lat' dir='ltr'><strong>Laetatur</strong></span> <span class='ocrx_word' id='word_1_47' title='bbox 517 1873 693 1959; x_wconf 83' lang='lat' dir='ltr'><strong>hostilique</strong></span> <span class='ocrx_word' id='word_1_48' title='bbox 713 1872 818 1957; x_wconf 81' lang='lat' dir='ltr'><strong>poscit</strong></span> 
     </span>
     <span class='ocr_line' id='line_1_13' title="bbox 381 1974 851 2059; baseline -0.004 -19"><span class='ocrx_word' id='word_1_49' title='bbox 381 1978 502 2043; x_wconf 86' lang='lat' dir='ltr'><strong>Pabula</strong></span> <span class='ocrx_word' id='word_1_50' title='bbox 523 1974 708 2059; x_wconf 87' lang='lat' dir='ltr'><strong>diripienda</strong></span> <span class='ocrx_word' id='word_1_51' title='bbox 730 1995 851 2059; x_wconf 87' lang='lat' dir='ltr'><strong>eampo.</strong></span> 
     </span>
    </p>
   </div>
   <div class='ocr_carea' id='block_1_5' title="bbox 299 2152 926 2549">
    <p class='ocr_par' dir='ltr' id='par_1_5' title="bbox 299 2152 926 2549">
     <span class='ocr_line' id='line_1_14' title="bbox 300 2152 891 2229; baseline -0.007 -4"><span class='ocrx_word' id='word_1_52' title='bbox 300 2166 339 2225; x_wconf 91' lang='lat' dir='ltr'><strong>ln</strong></span> <span class='ocrx_word' id='word_1_53' title='bbox 359 2160 559 2229; x_wconf 80' lang='lat' dir='ltr'><strong>Christianos</strong></span> <span class='ocrx_word' id='word_1_54' title='bbox 570 2152 667 2223; x_wconf 83' lang='lat' dir='ltr'><strong>halla</strong></span> <span class='ocrx_word' id='word_1_55' title='bbox 688 2158 891 2224; x_wconf 86' lang='lat' dir='ltr'><strong>moventibus</strong></span> 
     </span>
     <span class='ocr_line' id='line_1_15' title="bbox 299 2259 882 2344; baseline -0.015 -15"><span class='ocrx_word' id='word_1_56' title='bbox 299 2267 379 2329; x_wconf 84' lang='lat' dir='ltr'><strong>Late</strong></span> <span class='ocrx_word' id='word_1_57' title='bbox 400 2262 542 2344; x_wconf 81' lang='lat' dir='ltr'><strong>tyrannia</strong></span> <span class='ocrx_word' id='word_1_58' title='bbox 563 2282 603 2324; x_wconf 85' lang='lat' dir='ltr'><strong>ex</strong></span> <span class='ocrx_word' id='word_1_59' title='bbox 623 2259 746 2325; x_wconf 70' lang='lat' dir='ltr'><strong>stabulo</strong></span> <span class='ocrx_word' id='word_1_60' title='bbox 767 2260 882 2344; x_wconf 83' lang='lat' dir='ltr'><strong>procul</strong></span> 
     </span>
     <span class='ocr_line' id='line_1_16' title="bbox 344 2362 806 2429; baseline -0.004 -2"><span class='ocrx_word' id='word_1_61' title='bbox 344 2366 464 2429; x_wconf 80' lang='lat' dir='ltr'><strong>Saevos</strong></span> <span class='ocrx_word' id='word_1_62' title='bbox 486 2362 640 2428; x_wconf 84' lang='lat' dir='ltr'><strong>odoratur</strong></span> <span class='ocrx_word' id='word_1_63' title='bbox 659 2364 806 2426; x_wconf 75' lang='lat' dir='ltr'><strong>Neroneo</strong></span> 
     </span>
     <span class='ocr_line' id='line_1_17' title="bbox 389 2462 926 2549; baseline -0.004 -20"><span class='ocrx_word' id='word_1_64' title='bbox 389 2467 479 2530; x_wconf 81' lang='lat' dir='ltr'><strong>Aure</strong></span> <span class='ocrx_word' id='word_1_65' title='bbox 500 2466 631 2543; x_wconf 76' lang='lat' dir='ltr'><strong>micant,</strong></span> <span class='ocrx_word' id='word_1_66' title='bbox 656 2463 824 2549; x_wconf 86' lang='lat' dir='ltr'><strong>Decioque</strong></span> <span class='ocrx_word' id='word_1_67' title='bbox 846 2462 926 2528; x_wconf 87' lang='lat' dir='ltr'><strong>dicit</strong></span> 
     </span>
    </p>
   </div>
   <div class='ocr_carea' id='block_1_6' title="bbox 302 2644 981 3019">
    <p class='ocr_par' dir='ltr' id='par_1_6' title="bbox 302 2644 981 3019">
     <span class='ocr_line' id='line_1_18' title="bbox 302 2644 897 2716; baseline -0.013 0"><span class='ocrx_word' id='word_1_68' title='bbox 302 2648 388 2716; x_wconf 84' lang='lat' dir='ltr'><strong>Vah!</strong></span> <span class='ocrx_word' id='word_1_69' title='bbox 410 2646 581 2712; x_wconf 84' lang='lat' dir='ltr'><strong>Maximino</strong></span> <span class='ocrx_word' id='word_1_70' title='bbox 595 2646 673 2714; x_wconf 84' lang='lat' dir='ltr'><strong>vah!</strong></span> <span class='ocrx_word' id='word_1_71' title='bbox 693 2644 897 2709; x_wconf 80' lang='lat' dir='ltr'><strong>simulirruit</strong></span> 
     </span>
     <span class='ocr_line' id='line_1_19' title="bbox 302 2746 937 2814; baseline -0.013 0"><span class='ocrx_word' id='word_1_72' title='bbox 302 2748 451 2814; x_wconf 79' lang='lat' dir='ltr'><strong>Flammis</strong></span> <span class='ocrx_word' id='word_1_73' title='bbox 474 2762 507 2813; x_wconf 90' lang='lat' dir='ltr'><strong>et</strong></span> <span class='ocrx_word' id='word_1_74' title='bbox 527 2764 630 2812; x_wconf 84' lang='lat' dir='ltr'><strong>atrum</strong></span> <span class='ocrx_word' id='word_1_75' title='bbox 650 2748 737 2812; x_wconf 78' lang='lat' dir='ltr'><strong>Ditis</strong></span> <span class='ocrx_word' id='word_1_76' title='bbox 753 2746 898 2811; x_wconf 81' lang='lat' dir='ltr'><strong>Alastora</strong></span> <span class='ocrx_word' id='word_1_77' title='bbox 931 2776 937 2787; x_wconf 90' lang='lat'><strong>·</strong></span> 
     </span>
     <span class='ocr_line' id='line_1_20' title="bbox 345 2845 981 2937; baseline -0.009 -20"><span class='ocrx_word' id='word_1_78' title='bbox 345 2855 551 2937; x_wconf 86' lang='lat' dir='ltr'><strong>Contemptor</strong></span> <span class='ocrx_word' id='word_1_79' title='bbox 571 2849 845 2934; x_wconf 84' lang='lat' dir='ltr'><strong>Orphnaeumquo</strong></span> <span class='ocrx_word' id='word_1_80' title='bbox 866 2845 981 2911; x_wconf 73' lang='lat' dir='ltr'><strong>striato</strong></span> 
     </span>
     <span class='ocr_line' id='line_1_21' title="bbox 388 2950 932 3019; baseline -0.009 -2"><span class='ocrx_word' id='word_1_81' title='bbox 388 2956 481 3019; x_wconf 80' lang='lat' dir='ltr'><strong>Galae</strong></span> <span class='ocrx_word' id='word_1_82' title='bbox 504 2952 595 3019; x_wconf 80' lang='lat' dir='ltr'><strong>lauit:</strong></span> <span class='ocrx_word' id='word_1_83' title='bbox 625 2951 720 3017; x_wconf 79' lang='lat' dir='ltr'><strong>simul</strong></span> <span class='ocrx_word' id='word_1_84' title='bbox 739 2950 932 3015; x_wconf 79' lang='lat' dir='ltr'><strong>insidentem</strong></span> 
     </span>
    </p>
   </div>
   <div class='ocr_carea' id='block_1_7' title="bbox 304 3130 943 3325">
    <p class='ocr_par' dir='ltr' id='par_1_7' title="bbox 304 3130 943 3325">
     <span class='ocr_line' id='line_1_22' title="bbox 304 3130 901 3203; baseline -0.012 0"><span class='ocrx_word' id='word_1_85' title='bbox 304 3136 357 3203; x_wconf 82' lang='lat' dir='ltr'><strong>Ad</strong></span> <span class='ocrx_word' id='word_1_86' title='bbox 379 3153 462 3203; x_wconf 84' lang='lat' dir='ltr'><strong>aatra</strong></span> <span class='ocrx_word' id='word_1_87' title='bbox 481 3138 598 3203; x_wconf 76' lang='lat' dir='ltr'><strong>tollant</strong></span> <span class='ocrx_word' id='word_1_88' title='bbox 617 3136 757 3200; x_wconf 82' lang='lat' dir='ltr'><strong>nubibus</strong></span> <span class='ocrx_word' id='word_1_89' title='bbox 775 3130 901 3198; x_wconf 83' lang='lat' dir='ltr'><strong>invehit</strong></span> 
     </span>
     <span class='ocr_line' id='line_1_23' title="bbox 306 3233 943 3325; baseline -0.009 -20"><span class='ocrx_word' id='word_1_90' title='bbox 306 3239 491 3325; x_wconf 83' lang='lat' dir='ltr'><strong>Scribitque</strong></span> <span class='ocrx_word' id='word_1_91' title='bbox 512 3261 619 3324; x_wconf 76' lang='lat' dir='ltr'><strong>gyros.</strong></span> <span class='ocrx_word' id='word_1_92' title='bbox 640 3239 755 3307; x_wconf 83' lang='lat' dir='ltr'><strong>Viator</strong></span> <span class='ocrx_word' id='word_1_93' title='bbox 776 3233 943 3318; x_wconf 82' lang='lat' dir='ltr'><strong>Olympiea</strong></span> 
     </span>
    </p>
   </div>
   <div class='ocr_carea' id='block_1_8' title="bbox 346 3336 1011 3524">
    <p class='ocr_par' dir='ltr' id='par_1_8' title="bbox 346 3336 1011 3524">
     <span class='ocr_line' id='line_1_24' title="bbox 346 3336 781 3425; baseline -0.005 -22"><span class='ocrx_word' id='word_1_94' title='bbox 346 3342 492 3403; x_wconf 83' lang='lat' dir='ltr'><strong>Donatur</strong></span> <span class='ocrx_word' id='word_1_95' title='bbox 515 3340 657 3425; x_wconf 79' lang='lat' dir='ltr'><strong>Eleaque</strong></span> <span class='ocrx_word' id='word_1_96' title='bbox 677 3336 781 3422; x_wconf 83' lang='lat' dir='ltr'><strong>palma</strong></span> 
     </span>
     <span class='ocr_line' id='line_1_25' title="bbox 388 3432 1011 3524; baseline -0.013 -21"><span class='ocrx_word' id='word_1_97' title='bbox 388 3438 450 3503; x_wconf 83' lang='lat' dir='ltr'><strong>Dia</strong></span> <span class='ocrx_word' id='word_1_98' title='bbox 471 3440 567 3503; x_wconf 87' lang='lat' dir='ltr'><strong>etiam</strong></span> <span class='ocrx_word' id='word_1_99' title='bbox 586 3439 817 3524; x_wconf 78' lang='lat' dir='ltr'><strong>Hippomedon</strong></span> <span class='ocrx_word' id='word_1_100' title='bbox 839 3432 1011 3503; x_wconf 79' lang='lat' dir='ltr'><strong>oauaudua.</strong></span> 
     </span>
    </p>
   </div>
   <div class='ocr_carea' id='block_1_9' title="bbox 0 0 1325 4284">
    <p class='ocr_par' dir='ltr' id='par_1_9' title="bbox 0 0 1325 4284">
     <span class='ocr_line' id='line_1_26' title="bbox 0 0 1325 4284; baseline 0 0"><span class='ocrx_word' id='word_1_101' title='bbox 0 0 1325 4284; x_wconf 95' lang='lat' dir='ltr'><strong> </strong></span> 
     </span>
    </p>
   </div>
  </div>
 </body>
</html>
