2600 4284
394 508 565 579 Lyricorum
581 506 644 561 Lib.
664 508 698 561 [1.
727 514 766 564 10.
961 506 1020 577 103

196 686 259 743 Nec
283 683 416 746 Rhenus
438 682 486 743 illi
507 679 637 766 gurgite
657 678 792 760 petriam

195 784 304 867 Signat
322 804 383 846 nec
407 787 503 845 Ister:
538 786 639 843 Roma
660 779 702 840 sit
723 779 895 853 docorum,

232 884 285 944 An
306 884 432 968 Seonga
452 886 624 957 Boiorum,
656 878 819 962 profunde
988 886 1027 940 15·

274 986 461 1049 Dissimulet
481 1004 659 1068 generosus
681 979 810 1065 hospes,

192 1182 301 1245 Mundi
321 1182 515 1266 inquilinus:
540 1181 707 1244 moenibus
729 1202 765 1245 ac
787 1180 890 1259 domo,

193 1284 293 1376 Quam
313 1285 361 1347 sol
377 1282 484 1346 eundo
506 1284 663 1357 circumit,
686 1284 778 1367 ignea

234 1388 407 1449 Contentus
428 1384 550 1447 includi
570 1384 672 1447 lutose

274 1488 363 1549 Urbe
384 1500 482 1569 neget
501 1486 719 1570 brevibusque
740 1484 849 1545 muris.

194 1656 308 1717 Nullius
331 1654 418 1716 idem
442 1652 676 1728 sollicitudinis,

197 1754 262 1849 Quo
283 1772 375 1819 natus
400 1778 491 1830 anno,
513 1777 577 1840 quo
599 1755 724 1839 genitus
744 1768 845 1838 patre,

234 1858 337 1941 Vulgo
358 1856 540 1940 requirenti
564 1854 681 1919 latetur

271 1963 359 2021 Luce
382 1960 484 2041 palam
506 1958 574 2020 sine
597 1957 709 2021 fraude
731 1971 849 2019 tantum

199 2125 235 2184 Se
255 2145 351 2187 nosse
368 2137 458 2185 recte
475 2124 596 2187 virere.
643 2124 764 2189 Vivere

197 2225 260 2285 Non
281 2246 355 2287 esse
377 2223 447 2286 solo
468 2224 595 2287 vescier
616 2225 756 2301 aethere,

236 2325 299 2387 Sed
319 2323 413 2387 laude
433 2324 624 2409 virtutisque
645 2326 754 2389 fructu

273 2428 447 2512 Egregium
469 2426 583 2489 satiare
605 2442 753 2491 mentem.

198 2628 232 2687 Ut
254 2627 390 2711 quisque
410 2629 497 2690 caelo
519 2626 639 2690 decidit
658 2628 806 2713 optimus,

199 2727 247 2791 Est
267 2729 337 2790 eius
360 2748 475 2807 annns3
499 2741 653 2812 tempora,
674 2732 845 2795 crastinum

233 2832 362 2915 Ignorat
383 2827 630 2913 hesternumque
651 2852 754 2906 mane,

272 2934 352 2995 Cum
373 2931 507 3012 Superis
528 2931 689 3016 hodieque
709 2934 790 2997 vivit

200 3096 232 3157 Et
252 3109 371 3180 puncto
393 3095 428 3155 in
448 3116 511 3157 uno
534 3109 633 3157 totum
654 3097 750 3182 agitet
770 3099 825 3159 sui*

199 3198 352 3260 collectus
372 3216 503 3273 aerum,
526 3196 674 3281 linquere
696 3197 859 3262 sar-oinunr

234 3302 274 3362 Et
294 3300 388 3361 ferre
410 3298 574 3361 mortalem
593 3313 730 3382 parumn

274 3401 445 3495 Quamque
463 3399 558 3483 piger
579 3396 721 3484 cupiisse'
739 3406 844 3485 mullo,
