2600 4284
394 488 570 559 Lyricorum
584 488 648 545 Lib.
668 491 704 543 ll.
721 493 745 545 t.
764 497 790 547 8·
1001 496 1042 567 99

216 658 379 720 Asternent
401 657 517 721 ovibus
538 658 630 740 lupi3

203 795 206 804 =
247 760 355 821 Pisces
378 760 486 821 aerios
508 760 691 823 transilient
712 766 811 827 Notos
881 844 885 849 Ι

213 861 246 921 Et
266 882 361 943 supra
385 862 460 943 iuga
482 860 638 923 montium
1024 892 1039 942 5

246 964 385 1025 Balenae
407 962 545 1025 choreas
568 982 641 1025 oum
660 960 766 1027 vitulis
789 977 901 1047 agenn

210 1064 300 1125 Cervi
323 1063 439 1125 subter
460 1083 556 1144 aquas
578 1084 633 1123 sua

249 1167 427 1246 Deponent
448 1162 590 1249 liquidae
612 1182 731 1225 cornua
752 1164 874 1238 Naiadi,

210 1266 294 1361 Quae
316 1264 416 1327 saltus
438 1284 499 1345 per
521 1278 553 1325 et
574 1264 643 1326 avia

246 1368 411 1446 Sylvarum
434 1364 568 1428 volitans
589 1366 789 1450 pennipedes
811 1361 906 1448 &pros
1007 1387 1039 1436 ιο

209 1467 297 1529 Inxis
318 1466 447 1527 retibus
469 1462 595 1526 induet:

246 1572 335 1629 Haeo
356 1580 494 1649 possunt
506 1564 589 1641 fieri,
611 1566 726 1653 Virgo,
749 1588 853 1631 meum
872 1566 980 1629 decus.

215 1674 249 1731 Ut
264 1684 295 1731 te
315 1670 370 1733 vel
393 1680 446 1728 tua
470 1664 625 1741 deseram,

246 1771 316 1844 (Sic
337 1790 401 1843 me,
428 1766 522 1842 Diva,
544 1767 650 1846 iuves)
671 1768 755 1829 haud
776 1766 848 1830 fieri
868 1780 985 1848 potest¹

510 1956 665 1967 nnana—un·—

467 2088 712 2152 Euolamasso

301 2228 338 2276 ln
352 2223 456 2288 sonem
473 2226 589 2291 Μυκη,
607 2237 669 2275 cum
684 2226 866 2289 sepeliretur.

408 2348 533 2401 Carmen
551 2349 757 2419 extemporale.

459 2474 539 2537 OD
562 2476 591 2534 E
628 2477 709 2540 VIII.

211 2618 343 2705 Adeste,
366 2634 475 2717 magni
496 2634 635 2697 carceris
656 2636 792 2711 incolae,

211 2734 374 2816 Parvoque
397 2734 501 2798 claudi
524 2735 637 2798 discite
660 2758 802 2800 earcere.

246 2838 337 2897 Hane
361 2849 468 2897 vestra
488 2836 620 2899 libertas
640 2838 822 2922 Seriphum,

285 2938 357 3000 Hos
379 2938 501 3016 Gyaros
524 2939 609 3001 subit
631 2940 703 3000 exul
727 2940 827 3003 orbis.

213 3108 282 3169 Post
302 3106 368 3169 fata
389 3107 511 3170 eunetis
531 3107 655 3172 sufficit
675 3111 807 3195 angulus
897 3111 900 3119 '
1017 3123 1032 3171 5

213 3207 249 3269 Et
265 3228 385 3289 parvus
406 3230 503 3271 asser.
532 3212 718 3296 Turrigeris
736 3213 795 3276 ubi

249 3308 359 3370 Innixa
379 3314 564 3375 Maurorum
588 3314 743 3377 columnis

289 3412 338 3473 Ae
359 3410 459 3473 minio
480 3413 599 3476 variata
622 3415 732 3488 molet,

761 3527 797 3576 7.
