2600 4284
275 506 338 578 272
515 522 517 532 ·
571 502 671 558 Jtcobi
689 504 776 559 Btlde

318 674 380 741 Vix
401 675 564 760 ingressus
585 675 648 739 iter
668 682 766 759 prsta‘
782 674 968 741 subitorum·
1150 690 1168 739 5

319 776 476 861 Oetingse
499 777 635 852 veteris,
661 799 758 860 quum
779 776 859 839 mihi
878 780 1010 845 nuntius

319 881 429 942 Fatum
451 878 543 941 triste
564 878 669 941 refert
690 892 724 940 et
745 877 833 941 uelut
852 877 979 943 hostica

570 979 688 1040 Aureis
711 977 844 1062 cuspide
866 981 1024 1046 vuluerat.

320 1079 409 1177 Quos
429 1101 495 1142 uun
515 1092 589 1141 tunc
612 1079 748 1163 gemitus
769 1082 912 1163 pectoris
935 1081 1049 1144 edidi?
1083 1098 1092 1115 ·

319 1182 407 1265 Ergo
430 1178 536 1243 {lende
559 1180 666 1242 iuces‘?
689 1200 749 1243 nec
771 1180 892 1243 cithara
914 1202 1013 1266 queas
1128 1192 1162 1243 to

318 1283 454 1347 Admota
475 1280 627 1344 tumulum
648 1302 801 1365 rumpere
822 1280 975 1347 floridum
997 1299 1030 1348 et

567 1381 680 1445 surdis
703 1382 852 1445 munibus
874 1384 983 1470 eripi?

317 1487 426 1555 Multis
448 1484 488 1547 uh
510 1483 642 1545 nimium
662 1481 784 1545 flebilis
806 1482 938 1561 occidis,

318 1591 404 1655 Nulli
422 1586 574 1661 flebilior,
602 1585 727 1660 carole,
749 1607 842 1669 quem
863 1587 958 1671 putri.

318 1697 348 1755 ls
371 1708 467 1755 totam
489 1688 582 1753 solita
604 1687 676 1748 luce
699 1676 841 1749 careutia
1130 1704 1162 1754 15

547 1782 550 1789 ’
569 1792 722 1852 Frontem
744 1788 779 1847 in
803 1787 921 1851 lumina
944 1787 1125 1865 contrahet,

317 1899 396 1959 Nam
419 1916 511 1980 quem
534 1914 598 1955 non
622 1905 748 1952 moveat
769 1910 886 1951 nomen
908 1904 941 1951 et
960 1888 1090 1953 indoles

320 2004 397 2061 Tam
419 1997 486 2059 cari
508 1990 645 2078 cupitis?
675 1992 727 2053 cui
748 1990 854 2074 pudor
875 2005 907 2056 et
929 1987 1010 2053 fides

318 2105 361 2165 Et
381 2121 505 2163 morum
526 2095 630 2159 facilis
653 2092 826 2175 temperies
847 2091 945 2154 decus

569 2196 647 2261 Ruri
670 2195 869 2258 miscuerunt
890 2193 1003 2255 Ducis.
1123 2205 1155 2255 20

322 2306 431 2373 Virtus
453 2304 521 2388 ipsu
540 2299 636 2363 fleat:
673 2296 736 2380 lige
759 2312 863 2359 tamen
884 2295 1015 2357 modum

319 2406 475 2479 Moerum,
500 2402 644 2489 genit0r3
669 2397 780 2462 desine
803 2395 950 2459 funebris

319 2512 384 2571 lam
405 2527 490 2569 nunc
512 2504 660 2569 tristitiae
686 2514 718 2562 et
739 2518 823 2582 pone
846 2498 1045 2560 tumentibus

568 2602 708 2666 Tandem
731 2602 825 2661 litore
846 2599 1004 2680 lacrymis.

320 2709 519 2776 Praemissus
542 2706 659 2792 placito
682 2703 765 2777 filius
789 2700 914 2774 ordine,
1120 2704 1152 2758 ²5

321 2817 393 2876 Non
414 2811 546 2875 amissus
569 2807 654 2881 ubit,
680 2801 966 2873 memorabilis,

321 2920 385 2981 Seu
405 2916 523 2977 luctum
545 2907 735 2993 ingemines,
759 2925 815 2967 scu
835 2904 969 2987 querula
991 2903 1084 2984 chely

572 3015 705 3073 'l'entem
727 3007 789 3069 fata
810 3002 992 3067 recludere.

320 3120 380 3191 Ac,
402 3116 430 3177 si
446 3136 521 3180 vers
545 3133 670 3197 sequar,
692 3130 758 3171 nun
779 3105 892 3169 redunt
910 3105 1036 3167 libens:

276 3278 280 3284 .
321 3218 413 3283 Felix
434 3218 490 3279 ille
512 3214 597 3278 diem
619 3232 703 3273 nuuc
725 3210 822 3270 ulium
840 3206 930 3269 bibit·
1122 3212 1152 3263 3⁰

322 3323 365 3383 Et
383 3318 484 3379 luctus
506 3315 627 3397 pluvius
648 3326 778 3395 utruque
799 3308 909 3371 nubila

571 3414 665 3475 Sicco
683 3410 770 3473 ridet
791 3409 829 3473 ab
852 3408 993 3473 aethere.
