<?xml version="1.0" encoding="UTF-8"?>
<!DOCTYPE html PUBLIC "-//W3C//DTD XHTML 1.0 Transitional//EN"
    "http://www.w3.org/TR/xhtml1/DTD/xhtml1-transitional.dtd">
<html xmlns="http://www.w3.org/1999/xhtml" xml:lang="en" lang="en">
 <head>
  <title>
</title>
<meta http-equiv="Content-Type" content="text/html;charset=utf-8" />
  <meta name='ocr-system' content='tesseract 3.04.00' />
  <meta name='ocr-capabilities' content='ocr_page ocr_carea ocr_par ocr_line ocrx_word'/>
</head>
<body>
  <div class='ocr_page' id='page_1' title='image "./jacobibaldecarm00mlgoog_0251.png"; bbox 0 0 2600 4284; ppageno 0'>
   <div class='ocr_carea' id='block_1_1' title="bbox 412 548 1045 619">
    <p class='ocr_par' dir='ltr' id='par_1_1' title="bbox 412 548 1045 619">
     <span class='ocr_line' id='line_1_1' title="bbox 412 548 1045 619; baseline 0.008 -18"><span class='ocrx_word' id='word_1_1' title='bbox 412 549 584 619; x_wconf 75' lang='lat' dir='ltr'><strong>Lyricorum</strong></span> <span class='ocrx_word' id='word_1_2' title='bbox 599 548 662 603; x_wconf 87' lang='lat' dir='ltr'>Lib.</span> <span class='ocrx_word' id='word_1_3' title='bbox 683 551 733 604; x_wconf 88' lang='lat'>111.</span> <span class='ocrx_word' id='word_1_4' title='bbox 755 557 794 607; x_wconf 83' lang='lat'><strong>19.</strong></span> <span class='ocrx_word' id='word_1_5' title='bbox 982 554 1045 619; x_wconf 70' lang='lat'><strong>227</strong></span> 
     </span>
    </p>
   </div>
   <div class='ocr_carea' id='block_1_2' title="bbox 211 722 1046 1111">
    <p class='ocr_par' dir='ltr' id='par_1_2' title="bbox 211 722 1046 1111">
     <span class='ocr_line' id='line_1_2' title="bbox 211 722 1046 806; baseline -0.007 -23"><span class='ocrx_word' id='word_1_6' title='bbox 211 726 358 785; x_wconf 83' lang='lat' dir='ltr'><strong>Testatur</strong></span> <span class='ocrx_word' id='word_1_7' title='bbox 380 722 467 786; x_wconf 90' lang='lat' dir='ltr'><strong>omni</strong></span> <span class='ocrx_word' id='word_1_8' title='bbox 487 722 690 805; x_wconf 79' lang='lat' dir='ltr'><strong>Melpomene</strong></span> <span class='ocrx_word' id='word_1_9' title='bbox 710 722 797 806; x_wconf 80' lang='lat' dir='ltr'><strong>iugo,</strong></span> <span class='ocrx_word' id='word_1_10' title='bbox 831 752 835 760; x_wconf 62' lang='lat'><strong><em>¹</em></strong></span> <span class='ocrx_word' id='word_1_11' title='bbox 1029 728 1046 777; x_wconf 75' lang='lat'>5</span> 
     </span>
     <span class='ocr_line' id='line_1_3' title="bbox 212 822 945 888; baseline 0 -3"><span class='ocrx_word' id='word_1_12' title='bbox 212 826 350 887; x_wconf 85' lang='lat' dir='ltr'><strong>Demitte</strong></span> <span class='ocrx_word' id='word_1_13' title='bbox 371 826 493 888; x_wconf 75' lang='lat' dir='ltr'><strong>tultum</strong></span> <span class='ocrx_word' id='word_1_14' title='bbox 519 838 551 885; x_wconf 87' lang='lat' dir='ltr'><strong>et</strong></span> <span class='ocrx_word' id='word_1_15' title='bbox 572 822 715 885; x_wconf 82' lang='lat' dir='ltr'><strong>sacrifica</strong></span> <span class='ocrx_word' id='word_1_16' title='bbox 734 845 831 885; x_wconf 86' lang='lat' dir='ltr'><strong>manu</strong></span> <span class='ocrx_word' id='word_1_17' title='bbox 941 834 945 840; x_wconf 79' lang='grc'><em>’</em></span> 
     </span>
     <span class='ocr_line' id='line_1_4' title="bbox 247 922 898 1007; baseline -0.003 -21"><span class='ocrx_word' id='word_1_18' title='bbox 247 926 371 988; x_wconf 84' lang='lat' dir='ltr'><strong>Attolle</strong></span> <span class='ocrx_word' id='word_1_19' title='bbox 392 938 572 1007; x_wconf 87' lang='lat' dir='ltr'><strong>reptantem</strong></span> <span class='ocrx_word' id='word_1_20' title='bbox 585 944 646 1006; x_wconf 89' lang='lat' dir='ltr'><strong>per</strong></span> <span class='ocrx_word' id='word_1_21' title='bbox 665 922 783 988; x_wconf 81' lang='lat' dir='ltr'><strong>herbas</strong></span> <span class='ocrx_word' id='word_1_22' title='bbox 894 977 898 984; x_wconf 90' lang='lat'>.</span> 
     </span>
     <span class='ocr_line' id='line_1_5' title="bbox 292 1024 846 1111; baseline -0.004 -23"><span class='ocrx_word' id='word_1_23' title='bbox 292 1028 438 1111; x_wconf 80' lang='lat' dir='ltr'><strong>Saxaque</strong></span> <span class='ocrx_word' id='word_1_24' title='bbox 462 1025 626 1109; x_wconf 81' lang='lat' dir='ltr'><strong>relligiosa</strong></span> <span class='ocrx_word' id='word_1_25' title='bbox 647 1024 753 1087; x_wconf 87' lang='lat' dir='ltr'><strong>Pindi.</strong></span> <span class='ocrx_word' id='word_1_26' title='bbox 842 1036 846 1043; x_wconf 88' lang='lat'><em>&#39;</em></span> 
     </span>
    </p>
   </div>
   <div class='ocr_carea' id='block_1_3' title="bbox 212 1219 898 1607">
    <p class='ocr_par' dir='ltr' id='par_1_3' title="bbox 212 1219 898 1607">
     <span class='ocr_line' id='line_1_6' title="bbox 214 1219 816 1284; baseline 0.002 -1"><span class='ocrx_word' id='word_1_27' title='bbox 214 1226 260 1283; x_wconf 80' lang='lat' dir='ltr'><strong>Te</strong></span> <span class='ocrx_word' id='word_1_28' title='bbox 283 1235 370 1284; x_wconf 85' lang='lat' dir='ltr'><strong>serta</strong></span> <span class='ocrx_word' id='word_1_29' title='bbox 391 1222 499 1283; x_wconf 71' lang='lat' dir='ltr'><strong>Flacci</strong></span> <span class='ocrx_word' id='word_1_30' title='bbox 513 1220 654 1282; x_wconf 85' lang='lat' dir='ltr'><strong>molliter</strong></span> <span class='ocrx_word' id='word_1_31' title='bbox 673 1219 816 1284; x_wconf 83' lang='lat' dir='ltr'><strong>ambiunt</strong></span> 
     </span>
     <span class='ocr_line' id='line_1_7' title="bbox 212 1320 898 1405; baseline -0.009 -20"><span class='ocrx_word' id='word_1_32' title='bbox 212 1321 422 1405; x_wconf 81' lang='lat' dir='ltr'><strong>Gaudentque</strong></span> <span class='ocrx_word' id='word_1_33' title='bbox 445 1321 565 1385; x_wconf 87' lang='lat' dir='ltr'><strong>erineis</strong></span> <span class='ocrx_word' id='word_1_34' title='bbox 586 1320 729 1385; x_wconf 84' lang='lat' dir='ltr'><strong>lambere</strong></span> <span class='ocrx_word' id='word_1_35' title='bbox 751 1322 898 1396; x_wconf 74' lang='lat' dir='ltr'><strong>consulas</strong></span> 
     </span>
     <span class='ocr_line' id='line_1_8' title="bbox 250 1420 756 1507; baseline -0.008 -22"><span class='ocrx_word' id='word_1_36' title='bbox 250 1425 412 1487; x_wconf 88' lang='lat' dir='ltr'><strong>Horroris</strong></span> <span class='ocrx_word' id='word_1_37' title='bbox 435 1424 599 1507; x_wconf 78' lang='lat' dir='ltr'><strong>erectique</strong></span> <span class='ocrx_word' id='word_1_38' title='bbox 621 1420 756 1496; x_wconf 88' lang='lat' dir='ltr'><strong>Phoebi,</strong></span> 
     </span>
     <span class='ocr_line' id='line_1_9' title="bbox 294 1523 818 1607; baseline -0.01 -19"><span class='ocrx_word' id='word_1_39' title='bbox 294 1530 342 1588; x_wconf 86' lang='lat' dir='ltr'><strong>Te</strong></span> <span class='ocrx_word' id='word_1_40' title='bbox 363 1540 469 1588; x_wconf 87' lang='lat' dir='ltr'><strong>satura</strong></span> <span class='ocrx_word' id='word_1_41' title='bbox 489 1524 567 1607; x_wconf 81' lang='lat' dir='ltr'><strong>tegit</strong></span> <span class='ocrx_word' id='word_1_42' title='bbox 585 1523 696 1585; x_wconf 88' lang='lat' dir='ltr'><strong>umbra</strong></span> <span class='ocrx_word' id='word_1_43' title='bbox 718 1524 818 1584; x_wconf 87' lang='lat' dir='ltr'><strong>lauro.</strong></span> 
     </span>
    </p>
   </div>
   <div class='ocr_carea' id='block_1_4' title="bbox 211 1690 895 2079">
    <p class='ocr_par' dir='ltr' id='par_1_4' title="bbox 211 1690 895 2079">
     <span class='ocr_line' id='line_1_10' title="bbox 211 1690 814 1774; baseline -0.012 -15"><span class='ocrx_word' id='word_1_44' title='bbox 211 1696 296 1759; x_wconf 87' lang='lat' dir='ltr'><strong>Olim</strong></span> <span class='ocrx_word' id='word_1_45' title='bbox 319 1708 353 1758; x_wconf 86' lang='lat' dir='ltr'><strong>et</strong></span> <span class='ocrx_word' id='word_1_46' title='bbox 371 1690 537 1757; x_wconf 77' lang='lat' dir='ltr'><strong>canentem</strong></span> <span class='ocrx_word' id='word_1_47' title='bbox 559 1690 673 1754; x_wconf 82' lang='lat' dir='ltr'><strong>callida</strong></span> <span class='ocrx_word' id='word_1_48' title='bbox 693 1692 814 1774; x_wconf 73' lang='lat' dir='ltr'><strong>patriae</strong></span> 
     </span>
     <span class='ocr_line' id='line_1_11' title="bbox 214 1794 884 1880; baseline -0.009 -23"><span class='ocrx_word' id='word_1_49' title='bbox 214 1795 353 1880; x_wconf 79' lang='lat' dir='ltr'><strong>Agnovit</strong></span> <span class='ocrx_word' id='word_1_50' title='bbox 373 1795 479 1858; x_wconf 84' lang='lat' dir='ltr'><strong>Eeho:</strong></span> <span class='ocrx_word' id='word_1_51' title='bbox 500 1814 585 1857; x_wconf 86' lang='lat' dir='ltr'><strong>nune</strong></span> <span class='ocrx_word' id='word_1_52' title='bbox 607 1813 700 1855; x_wconf 84' lang='lat' dir='ltr'><strong>sacer</strong></span> <span class='ocrx_word' id='word_1_53' title='bbox 720 1794 832 1877; x_wconf 82' lang='lat' dir='ltr'><strong>A&#39;lipes</strong></span> <span class='ocrx_word' id='word_1_54' title='bbox 879 1817 884 1851; x_wconf 87' lang='lat'><strong>:</strong></span> 
     </span>
     <span class='ocr_line' id='line_1_12' title="bbox 254 1893 748 1978; baseline -0.01 -17"><span class='ocrx_word' id='word_1_55' title='bbox 254 1900 372 1961; x_wconf 82' lang='lat' dir='ltr'><strong>salutat</strong></span> <span class='ocrx_word' id='word_1_56' title='bbox 390 1896 518 1959; x_wconf 85' lang='lat' dir='ltr'><strong>hinnitu</strong></span> <span class='ocrx_word' id='word_1_57' title='bbox 539 1910 572 1958; x_wconf 84' lang='lat' dir='ltr'><strong>et</strong></span> <span class='ocrx_word' id='word_1_58' title='bbox 590 1893 748 1978; x_wconf 68' lang='lat' dir='ltr'><strong>parenteia</strong></span> 
     </span>
     <span class='ocr_line' id='line_1_13' title="bbox 296 1996 895 2079; baseline -0.017 -18"><span class='ocrx_word' id='word_1_59' title='bbox 296 1996 519 2079; x_wconf 82' lang='lat' dir='ltr'><strong>Bellerophon</strong></span> <span class='ocrx_word' id='word_1_60' title='bbox 538 1996 601 2057; x_wconf 85' lang='lat' dir='ltr'><strong>tibi</strong></span> <span class='ocrx_word' id='word_1_61' title='bbox 622 1996 803 2076; x_wconf 80' lang='lat' dir='ltr'><strong>aeditalas3</strong></span> <span class='ocrx_word' id='word_1_62' title='bbox 890 2042 895 2051; x_wconf 87' lang='lat'>.</span> 
     </span>
    </p>
   </div>
   <div class='ocr_carea' id='block_1_5' title="bbox 216 2168 974 2555">
    <p class='ocr_par' dir='ltr' id='par_1_5' title="bbox 216 2168 974 2555">
     <span class='ocr_line' id='line_1_14' title="bbox 216 2168 974 2253; baseline 0.005 -24"><span class='ocrx_word' id='word_1_63' title='bbox 216 2171 296 2231; x_wconf 89' lang='lat' dir='ltr'><strong>Dum</strong></span> <span class='ocrx_word' id='word_1_64' title='bbox 318 2191 393 2247; x_wconf 89' lang='lat' dir='ltr'><strong>non,</strong></span> <span class='ocrx_word' id='word_1_65' title='bbox 417 2168 452 2233; x_wconf 80' lang='lat' dir='ltr'><strong>in</strong></span> <span class='ocrx_word' id='word_1_66' title='bbox 473 2171 537 2233; x_wconf 88' lang='lat' dir='ltr'><strong>alto</strong></span> <span class='ocrx_word' id='word_1_67' title='bbox 559 2184 655 2243; x_wconf 81' lang='lat' dir='ltr'><strong>stans,</strong></span> <span class='ocrx_word' id='word_1_68' title='bbox 675 2169 760 2252; x_wconf 84' lang='lat' dir='ltr'><strong>pede</strong></span> <span class='ocrx_word' id='word_1_69' title='bbox 781 2184 929 2253; x_wconf 73' lang='lat' dir='ltr'><strong>proterat</strong></span> <span class='ocrx_word' id='word_1_70' title='bbox 969 2209 974 2220; x_wconf 85' lang='lat'><strong>·</strong></span> 
     </span>
     <span class='ocr_line' id='line_1_15' title="bbox 220 2268 676 2354; baseline 0 -21"><span class='ocrx_word' id='word_1_71' title='bbox 220 2274 299 2333; x_wconf 87' lang='lat' dir='ltr'><strong>lmus</strong></span> <span class='ocrx_word' id='word_1_72' title='bbox 321 2283 434 2354; x_wconf 82' lang='lat' dir='ltr'><strong>negata</strong></span> <span class='ocrx_word' id='word_1_73' title='bbox 456 2268 598 2333; x_wconf 80' lang='lat' dir='ltr'><strong>difficilis</strong></span> <span class='ocrx_word' id='word_1_74' title='bbox 623 2270 676 2333; x_wconf 84' lang='lat' dir='ltr'><strong>via</strong></span> 
     </span>
     <span class='ocr_line' id='line_1_16' title="bbox 257 2372 835 2453; baseline -0.003 -18"><span class='ocrx_word' id='word_1_75' title='bbox 257 2376 324 2435; x_wconf 88' lang='lat' dir='ltr'><strong>Nec</strong></span> <span class='ocrx_word' id='word_1_76' title='bbox 345 2372 579 2453; x_wconf 86' lang='lat' dir='ltr'><strong>Hippocrenen</strong></span> <span class='ocrx_word' id='word_1_77' title='bbox 601 2373 688 2451; x_wconf 81' lang='lat' dir='ltr'><strong>solus</strong></span> <span class='ocrx_word' id='word_1_78' title='bbox 708 2392 835 2453; x_wconf 75' lang='lat' dir='ltr'><strong>omnem</strong></span> 
     </span>
     <span class='ocr_line' id='line_1_17' title="bbox 295 2470 724 2555; baseline 0.005 -22"><span class='ocrx_word' id='word_1_79' title='bbox 295 2476 440 2549; x_wconf 81' lang='lat' dir='ltr'><strong>Evaeues</strong></span> <span class='ocrx_word' id='word_1_80' title='bbox 462 2470 568 2555; x_wconf 90' lang='lat' dir='ltr'><strong>phiala</strong></span> <span class='ocrx_word' id='word_1_81' title='bbox 588 2472 724 2553; x_wconf 86' lang='lat' dir='ltr'><strong>tyranni.</strong></span> 
     </span>
    </p>
   </div>
   <div class='ocr_carea' id='block_1_6' title="bbox 216 2635 938 3059">
    <p class='ocr_par' dir='ltr' id='par_1_6' title="bbox 216 2635 938 3059">
     <span class='ocr_line' id='line_1_18' title="bbox 217 2635 902 2727; baseline -0.001 -23"><span class='ocrx_word' id='word_1_82' title='bbox 217 2644 389 2704; x_wconf 88' lang='lat' dir='ltr'><strong>Commune</strong></span> <span class='ocrx_word' id='word_1_83' title='bbox 411 2641 512 2716; x_wconf 89' lang='lat' dir='ltr'><strong>malis,</strong></span> <span class='ocrx_word' id='word_1_84' title='bbox 537 2662 599 2727; x_wconf 90' lang='lat' dir='ltr'><strong>quo</strong></span> <span class='ocrx_word' id='word_1_85' title='bbox 621 2640 753 2713; x_wconf 82' lang='lat' dir='ltr'><strong>frueris,</strong></span> <span class='ocrx_word' id='word_1_86' title='bbox 773 2635 902 2705; x_wconf 85' lang='lat' dir='ltr'><strong>bonurn.</strong></span> 
     </span>
     <span class='ocr_line' id='line_1_19' title="bbox 216 2741 861 2827; baseline 0.003 -24"><span class='ocrx_word' id='word_1_87' title='bbox 216 2744 298 2806; x_wconf 84' lang='lat' dir='ltr'><strong>Fons</strong></span> <span class='ocrx_word' id='word_1_88' title='bbox 319 2742 405 2803; x_wconf 81' lang='lat' dir='ltr'><strong>vivat</strong></span> <span class='ocrx_word' id='word_1_89' title='bbox 426 2741 507 2803; x_wconf 88' lang='lat' dir='ltr'><strong>orbi.</strong></span> <span class='ocrx_word' id='word_1_90' title='bbox 542 2743 596 2805; x_wconf 82' lang='lat' dir='ltr'><strong>Sic</strong></span> <span class='ocrx_word' id='word_1_91' title='bbox 617 2764 687 2827; x_wconf 81' lang='lat' dir='ltr'><strong>age,</strong></span> <span class='ocrx_word' id='word_1_92' title='bbox 712 2744 861 2820; x_wconf 83' lang='lat' dir='ltr'><strong>Findere,</strong></span> 
     </span>
     <span class='ocr_line' id='line_1_20' title="bbox 255 2844 761 2927; baseline -0.002 -21"><span class='ocrx_word' id='word_1_93' title='bbox 255 2845 416 2907; x_wconf 81' lang='lat' dir='ltr'><strong>Assuesce</strong></span> <span class='ocrx_word' id='word_1_94' title='bbox 436 2865 606 2927; x_wconf 84' lang='lat' dir='ltr'><strong>possessor</strong></span> <span class='ocrx_word' id='word_1_95' title='bbox 628 2844 761 2907; x_wconf 85' lang='lat' dir='ltr'><strong>deorum</strong></span> 
     </span>
     <span class='ocr_line' id='line_1_21' title="bbox 296 2943 938 3032; baseline -0.002 -23"><span class='ocrx_word' id='word_1_96' title='bbox 296 2943 499 3028; x_wconf 85' lang='lat' dir='ltr'><strong>Pauperibus</strong></span> <span class='ocrx_word' id='word_1_97' title='bbox 518 2945 678 3029; x_wconf 79' lang='lat' dir='ltr'><strong>placuisse</strong></span> <span class='ocrx_word' id='word_1_98' title='bbox 695 2946 811 3008; x_wconf 61' lang='lat' dir='ltr'><strong>&#39;Musis&#39;</strong></span> <span class='ocrx_word' id='word_1_99' title='bbox 839 3010 842 3017; x_wconf 75' lang='grc'><em>,</em></span> <span class='ocrx_word' id='word_1_100' title='bbox 936 3023 938 3032; x_wconf 33' lang='grc' dir='ltr'>Ι</span> 
     </span>
     <span class='ocr_line' id='line_1_22' title="bbox 764 3031 907 3059; baseline 0 -11"><span class='ocrx_word' id='word_1_101' title='bbox 764 3031 798 3059; x_wconf 48' lang='lat'><em>2</em></span> <span class='ocrx_word' id='word_1_102' title='bbox 879 3035 907 3056; x_wconf 82' lang='grc'><strong>..</strong></span> 
     </span>
    </p>
   </div>
   <div class='ocr_carea' id='block_1_7' title="bbox 216 3115 833 3505">
    <p class='ocr_par' dir='ltr' id='par_1_7' title="bbox 216 3115 833 3505">
     <span class='ocr_line' id='line_1_23' title="bbox 217 3115 688 3198; baseline 0 -21"><span class='ocrx_word' id='word_1_103' title='bbox 217 3115 391 3179; x_wconf 83' lang='lat' dir='ltr'><strong>Catulliauo</strong></span> <span class='ocrx_word' id='word_1_104' title='bbox 412 3119 539 3177; x_wconf 81' lang='lat' dir='ltr'><strong>Mantua</strong></span> <span class='ocrx_word' id='word_1_105' title='bbox 556 3134 688 3198; x_wconf 86' lang='lat' dir='ltr'><strong>passere</strong></span> 
     </span>
     <span class='ocr_line' id='line_1_24' title="bbox 216 3215 786 3301; baseline -0.002 -24"><span class='ocrx_word' id='word_1_106' title='bbox 216 3218 284 3281; x_wconf 88' lang='lat' dir='ltr'><strong>Non</strong></span> <span class='ocrx_word' id='word_1_107' title='bbox 306 3215 489 3301; x_wconf 81' lang='lat' dir='ltr'><strong>indigebat,</strong></span> <span class='ocrx_word' id='word_1_108' title='bbox 520 3217 661 3301; x_wconf 74' lang='lat' dir='ltr'><strong>Virgilio</strong></span> <span class='ocrx_word' id='word_1_109' title='bbox 674 3230 786 3279; x_wconf 65' lang='lat' dir='ltr'><strong>&#39;umen</strong></span> 
     </span>
     <span class='ocr_line' id='line_1_25' title="bbox 257 3310 833 3407; baseline -0.003 -26"><span class='ocrx_word' id='word_1_110' title='bbox 257 3320 387 3385; x_wconf 70' lang='lat' dir='ltr'><strong>Verona</strong></span> <span class='ocrx_word' id='word_1_111' title='bbox 407 3318 502 3380; x_wconf 82' lang='lat' dir='ltr'><strong>misit.</strong></span> <span class='ocrx_word' id='word_1_112' title='bbox 546 3310 636 3381; x_wconf 85' lang='lat' dir='ltr'><strong>Luna</strong></span> <span class='ocrx_word' id='word_1_113' title='bbox 655 3310 755 3382; x_wconf 79' lang='lat' dir='ltr'><strong>stellis</strong></span> <span class='ocrx_word' id='word_1_114' title='bbox 774 3402 777 3407; x_wconf 21' lang='grc' dir='ltr'>Ι</span> <span class='ocrx_word' id='word_1_115' title='bbox 830 3327 833 3333; x_wconf 84' lang='lat'>&#39;</span> 
     </span>
     <span class='ocr_line' id='line_1_26' title="bbox 301 3411 785 3505; baseline 0 -24"><span class='ocrx_word' id='word_1_116' title='bbox 301 3419 468 3505; x_wconf 81' lang='lat' dir='ltr'><strong>Cingitur3</strong></span> <span class='ocrx_word' id='word_1_117' title='bbox 492 3420 622 3483; x_wconf 83' lang='lat' dir='ltr'><strong>exuvias</strong></span> <span class='ocrx_word' id='word_1_118' title='bbox 643 3411 785 3481; x_wconf 86' lang='lat' dir='ltr'><strong>ferarum</strong></span> 
     </span>
    </p>
   </div>
   <div class='ocr_carea' id='block_1_8' title="bbox 814 3582 862 3633">
    <p class='ocr_par' dir='ltr' id='par_1_8' title="bbox 814 3582 862 3633">
     <span class='ocr_line' id='line_1_27' title="bbox 814 3582 862 3633; baseline 0.083 -4"><span class='ocrx_word' id='word_1_119' title='bbox 814 3582 862 3633; x_wconf 77' lang='lat'><strong>15·</strong></span> 
     </span>
    </p>
   </div>
   <div class='ocr_carea' id='block_1_9' title="bbox 0 0 1314 4284">
    <p class='ocr_par' dir='ltr' id='par_1_9' title="bbox 0 0 1314 4284">
     <span class='ocr_line' id='line_1_28' title="bbox 0 0 1314 4284; baseline 0 0"><span class='ocrx_word' id='word_1_120' title='bbox 0 0 1314 4284; x_wconf 95' lang='lat' dir='ltr'><strong> </strong></span> 
     </span>
    </p>
   </div>
  </div>
 </body>
</html>
