2600 4284
437 519 530 577 Liber
547 521 661 580 tertius.
935 525 978 598 65

146 687 196 748 Τᾶν
205 689 349 761 λεωφόρους
362 687 439 748 &aar
454 689 585 744 neuros
601 686 648 742 διὰ
663 689 717 743 τῶν
731 688 859 753 ἀτραπῶν
873 693 974 758 waes.

142 775 320 846 (lamblich.)
332 781 368 836 Η.
386 793 412 835 c.
432 776 554 833 Nimium
572 777 719 832 hominurn
739 779 975 836 consuetudinem

142 861 292 921 (levitam
307 865 409 921 Mattlr.
421 865 483 928 vlt,
493 869 578 920 13.-
593 870 671 920 ml.
686 865 757 921 Hor.
764 863 853 936 Epist.
861 867 974 932 1‚2,55=

140 947 247 1022 Sperne
262 951 441 1022 voluptatssz
460 957 547 1003 nocet
559 960 655 1022 empta
668 947 772 1004 dolore
788 952 975 1026 voluptas.-

140 1045 218 1095 v.23.
242 1035 422 1097 Μελανούρου
443 1033 566 1104 ἀπέχειν·
591 1035 717 1104 χθονίων
739 1035 792 1105 γάρ
815 1031 869 1090 ἔστι
893 1037 974 1096 θεῶν.

140 1122 315 1190 (lamblich.)
328 1125 363 1181 Η.
378 1137 403 1176 e.
415 1120 575 1176 Plutarcho
589 1121 814 1194 interpretantes
834 1121 933 1196 Impiis
945 1133 978 1186 et

139 1209 189 1279 qui
207 1208 279 1264 male
291 1205 411 1264 audiunt
422 1223 481 1262 non
498 1206 618 1267 sociere.
643 1207 776 1262 Deducta
798 1224 858 1264 esse
877 1209 974 1264 simili-

137 1295 207 1348 tudo
223 1293 338 1349 ridetur
351 1311 368 1349 a
381 1292 467 1365 sepia,
486 1293 568 1365 pisce
584 1301 721 1359 testaceo,
735 1295 786 1366 qui
797 1309 975 1368 persequen-

135 1379 210 1434 tibus
220 1395 250 1434 se
263 1395 280 1433 e
292 1378 381 1434 cauda
388 1395 505 1434 succum
520 1377 623 1434 obiicit
631 1378 830 1452 nigerrimum.
839 1407 873 1420 -
892 1399 919 1434 ν.
930 1387 972 1438 25.

133 1469 204 1520 Hor.
215 1464 370 1538 Epoutlt,
383 1471 412 1522 3:
433 1463 544 1519 cicutis
564 1463 665 1518 allium
682 1465 844 1522 nocentius.
869 1463 973 1520 Condi-

132 1563 226 1606 menta
252 1551 325 1606 enim
350 1547 523 1616 accendunt,
553 1567 654 1604 carnes
676 1551 811 1606 nutriunt
833 1549 973 1616 libidines,

133 1655 257 1712 quarum
270 1637 455 1710 omniumque
462 1635 548 1689 animi
556 1635 809 1708 perturbationum
817 1637 898 1692 sedes
913 1651 975 1692 esse

129 1724 214 1778 iecur
232 1735 260 1780 et
279 1740 331 1777 cor
348 1721 569 1778 arbitrabantur
585 1729 708 1778 veteres.
734 1729 883 1794 Mycenae,
901 1722 975 1778 urbs

129 1809 332 1882 Peloponnesi,
350 1809 434 1862 Atrei
446 1806 538 1880 regia,
557 1805 593 1861 atl
610 1807 690 1862 cuius
703 1811 856 1883 Thyesteas
875 1807 975 1864 alludi-

128 1905 181 1948 tur
199 1894 306 1965 epulas.
327 1893 540 1961 ef.11‚1s‚5s.
564 1895 643 1950 Inest
665 1895 750 1950 etiam
768 1897 824 1950 hoc
840 1906 974 1951 monente

130 1979 314 2034 lamblichio:
333 1983 413 2036 Neve
431 1977 571 2048 aliorum,
591 1997 664 2036 neve
683 1990 764 2035 tuum
782 2000 836 2037 cor
855 1979 974 2038 dilanies

127 2062 310 2137 aegritudine
327 2065 454 2119 nimiisve
473 2066 560 2119 curis.
576 2095 608 2108 -
626 2084 655 2122 v.
665 2069 707 2124 29.
726 2067 835 2122 Alienis
854 2067 973 2132 abstine,

127 2150 497 2208 maximeamicorum.-v.
506 2155 547 2209 33.
562 2147 698 2218 Ζυγόνμή
707 2151 879 2216 ὑπερβαίνειν.
891 2157 973 2224 (lam-

126 2237 238 2304 blich.)
256 2241 289 2294 H.
306 2253 332 2293 e.
350 2232 380 2288 τὸ
399 2241 459 2287 ῐσον
476 2240 522 2288 καὶ
541 2237 645 2289 δίκαιον
667 2234 704 2305 μή
722 2235 894 2300 ὑπερβαίνειν.
918 2238 972 2292 At·-

126 2323 207 2376 biter
227 2331 288 2376 esto
305 2319 383 2375 celer
399 2337 431 2375 ac
447 2319 547 2377 iustus.
560 2349 593 2359 -
612 2337 640 2375 ν.
649 2327 689 2377 37.
704 2321 812 2377 Vivere
828 2322 908 2377 iubet
919 2325 972 2394 Py-

126 2410 261 2478 thagoras
279 2423 346 2460 cum
362 2405 482 2460 Socrate
498 2415 558 2460 tam
575 2415 649 2460 caste
667 2423 700 2460 ac
717 2404 812 2476 bene,
830 2417 863 2464 ut
880 2407 973 2462 laetus

126 2494 272 2566 inspicere
291 2492 441 2565 speculum
458 2491 559 2562 possis,
579 2508 651 2545 neve
673 2491 718 2557 sit,
742 2491 821 2564 quod
839 2493 970 2550 horreas.

126 2582 159 2635 Et
178 2589 299 2633 naturae
318 2575 463 2633 delectum
481 2592 636 2652 agnoscens
659 2575 719 2630 noli
737 2577 876 2635 incusare.
890 2609 924 2621 -
942 2599 970 2636 v.

126 2671 166 2723 39.
179 2663 397 2718 Humanitatem
409 2681 440 2718 ac
453 2661 642 2718 reverentiam
653 2661 700 2714 vel
712 2663 851 2720 adversus
859 2665 970 2720 hostem

126 2748 281 2806 iuhibe-
300 2755 379 2808 nst.
394 2749 581 2804 Plutarchus:
604 2747 973 2813 Τοῖςμὲνοῦρανίοιςπερισσά

126 2839 208 2898 lotar,
228 2835 310 2899 ἄρτια
327 2833 353 2888 δὲ
364 2839 416 2890 τοῖς
428 2834 559 2904 χθονῦοις.
578 2831 727 2889 Rationem
737 2831 972 2888 additTheocriti

126 2923 317 2996 epigrammat
348 2919 499 2988 Κηδόμενοι
522 2916 576 2990 yoip
598 2917 752 2972 Ἀθανάτων
781 2916 858 2971 αὐτοὶ
881 2917 971 2972 πλεῖον

126 3016 220 3078 ‘xoeos
235 3011 336 3072 βροτοί.

203 3093 294 3148 Ode
311 3093 356 3148 Xl.
374 3095 573 3162 monoperae,
591 3089 642 3146 ubi
661 3107 807 3145 amoenam
826 3088 972 3147 habehant

126 3179 248 3234 esuitae
265 3177 452 3232 Monacenses
469 3177 584 3242 villam,
609 3177 751 3250 oppidum
767 3174 905 3232 Bavariae
930 3185 973 3230 est

126 3264 291 3338 uperioris
316 3263 469 3318 Monacum
492 3263 569 3319 inter
597 3273 626 3317 et
648 3261 903 3335 Wasserburgum.
924 3259 970 3318 cf.

130 3357 195 3418 ‚3⁴l.
213 3361 245 3406 et
251 3347 324 3404 silv.
333 3350 401 3420 Lyr.
414 3351 489 3419 vlit,
499 3354 541 3407 2⁰.
561 3346 683 3402 eiusloci
697 3346 925 3419 descriptionem.
935 3373 971 3386 -

126 3454 143 3492 r·
159 3444 187 3496 1.
208 3440 328 3494 Severta
339 3440 370 3492 tu
382 3440 492 3493 escars
509 3441 586 3492 cera
604 3435 623 3490 i.
639 3451 666 3492 e.
683 3431 865 3490 orationibus
879 3429 915 3488 de
925 3445 970 3486 re-

750 3542 766 3598 l
