2600 4284
259 531 324 604 39ss
561 529 765 587 sumimus

301 705 415 769 Nereis
438 703 574 769 aduncas
594 703 727 769 demere
749 703 905 790 posteris:

301 811 434 892 lmpuue
455 807 577 873 mareis
598 806 771 872 subiiciunt
791 808 855 872 sibi

345 910 531 995 Moreisque
553 909 734 974 censendos
756 912 905 994 supinant

387 1014 547 1097 Factaque
567 1010 742 1075 discutiunt
765 1033 906 1097 avorum.

303 1152 448 1216 Dicenda
469 1152 565 1237 pictis
590 1175 643 1216 res
665 1153 806 1238 phaleris
831 1153 900 1216 sine

303 1258 345 1318 Et
366 1255 485 1339 absque
507 1256 612 1339 palpo.
656 1255 781 1319 Discite
804 1269 967 1320 strenuum

346 1356 469 1419 Audire
492 1377 621 1420 verum:
645 1378 696 1419 me
719 1357 842 1421 sciente

388 1456 507 1521 Fabula
528 1480 591 1522 non
612 1474 786 1546 peragetur
806 1462 879 1524 ullu.

304 1601 376 1664 Nou
396 1615 446 1664 est
468 1621 573 1664 meum
597 1600 796 1666 descendere
819 1602 859 1666 ad
881 1605 992 1668 oscula

306 1705 431 1786 impura
453 1700 555 1765 lamae
577 1715 610 1765 et
627 1701 753 1788 fingere
775 1703 919 1767 bracteas
1015 1720 1023 1743 ⁹

346 1803 525 1887 Laruisque
547 1805 663 1870 luctari
685 1806 835 1889 superbis

389 1910 454 1971 Aut
474 1907 589 1970 nimias
610 1909 734 1970 acuisse
757 1908 888 1971 leudeis.

306 2049 452 2113 Adversa
475 2047 590 2134 quodsi
610 2071 681 2111 sors
704 2049 783 2111 mihi
804 2049 914 2114 durius

306 2155 471 2234 Nunquam
493 2149 639 2213 ferendis
662 2149 899 2216 conditionibus

351 2251 466 2315 Obstet
486 2252 760 2337 reluctantemque
783 2269 876 2338 cogat

394 2357 466 2418 Non
486 2354 551 2418 nisi
574 2352 706 2418 delicias
727 2354 890 2438 loquaceis

309 2499 351 2559 Et
371 2496 526 2558 laureatas
549 2495 695 2556 scribere
713 2493 840 2574 literss3

310 2603 421 2683 Sparta
444 2597 558 2660 relicta
581 2595 755 2680 corripiam
780 2597 877 2662 silens

350 2698 461 2785 lniqua
483 2712 548 2761 tum
571 2697 688 2760 vindex
711 2720 816 2761 amaro

392 2801 506 2865 Secula
528 2798 767 2882 despiciamque
791 2798 868 2863 risu.

544 2974 832 3053 Remmium

650 3091 714 3140 clue

443 3179 663 3237 Meus'lromiuis
681 3181 718 3237 ad
734 3181 828 3238 Deum
845 3197 935 3240 versa.

536 3282 567 3346 0
589 3283 620 3343 D
642 3281 670 3342 Ε
710 3282 849 3351 XLVIII.

265 3399 407 3494 lamque
429 3407 510 3472 adeo
533 3411 590 3473 toti
612 3425 689 3479 nutu
710 3412 887 3502 pendemus
908 3411 947 3478 ab
969 3434 1045 3489 uuo,

351 3507 433 3570 Alea
452 3507 533 3572 iactu
554 3512 664 3573 semel.
