2600 4284
293 558 354 629 120
597 552 697 611 Jaeohi
712 551 799 610 Baldc

329 726 502 792 Praeferre
524 724 660 802 florem,
686 722 809 788 credite
830 722 974 806 posteri!

330 829 441 893 Nativa
463 827 541 891 casti
562 826 688 911 frigora
705 822 851 908 pectoris

371 929 531 1013 Nivesque
555 928 697 990 sinceras
719 928 753 988 in
774 924 854 1009 ipsis

413 1027 591 1113 Virginitas
614 1026 788 1088 Alemanna
809 1022 944 1088 flammis

328 1208 474 1275 Servavit
481 1232 491 1291 3
519 1210 607 1292 ipsos
629 1206 751 1270 Cloelia
771 1210 951 1269 Teutonum

327 1303 380 1373 Ad'
400 1310 480 1374 Boia
500 1325 611 1394 portas
633 1307 817 1392 Anglipolis
837 1320 905 1369 tuas

370 1410 521 1475 Tranavit
541 1410 662 1473 amneia
684 1430 807 1494 perque
828 1423 928 1472 castra
1022 1449 1026 1454 ·

410 1511 588 1576 Attonitum
608 1509 762 1596 patefecit
783 1513 897 1573 Istrum

328 1693 491 1758 Stridente
514 1694 619 1756 dirum
640 1693 675 1755 in
694 1694 803 1757 littore
823 1696 978 1769 Porsena,

325 1797 397 1858 Non
418 1809 451 1858 et
472 1795 610 1879 sequaci.
659 1795 714 1857 Sic
734 1794 857 1857 Pholoe
878 1814 991 1859 nemus

347 1897 536 1980 -Deprensa
553 1897 663 1958 Fauno
684 1896 737 1961 vel
749 1894 903 1958 fluentum

412 1996 536 2060 Obiicit
558 1996 779 2081 occuliturqne
800 1998 919 2060 cannis.

329 2176 383 2241 Sic
403 2196 498 2261 saepe
519 2177 622 2241 visum
642 2176 719 2239 Nais
738 2176 771 2240 iu
793 2198 934 2262 aequore

324 2274 457 2339 Tritona
477 2290 606 2362 torquet
626 2278 750 2343 lubrica
768 2276 906 2343 flexibus

365 2376 407 2439 Et
425 2377 531 2443 vincta
553 2378 614 2439 iam
635 2379 697 2442 iam
720 2400 754 2442 se
775 2380 904 2443 lacertis
922 2424 928 2437 ·

411 2478 513 2541 Solvit
529 2499 625 2563 aquas
646 2477 751 2541 facilia
772 2480 890 2544 subire.

320 2657 417 2722 Nefas
440 2658 590 2728 inaudax!
612 2681 631 2725 o
654 2661 738 2723 bene
760 2661 879 2747 Lappia

321 2758 440 2822 Delusa
461 2757 581 2825 mollis!
606 2777 696 2826 retro
717 2783 776 2847 age
797 2761 944 2839 barbare,

360 2860 490 2931 Armate
512 2878 603 2927 retro
624 2862 704 2927 cede
726 2865 818 2927 leno:

403 2962 503 3027 Disce
525 2964 601 3026 alias
615 2964 766 3028 habitare
788 2965 926 3029 thermas

324 3140 535 3207 Profundiori
555 3146 687 3211 territus
708 3146 809 3208 alveo.

321 3240 414 3304 Suam
436 3260 602 3327 sequestro
626 3248 752 3332 gurgite
772 3244 868 3308 filiam

359 3344 425 3403 lam
447 3343 578 3406 Rhenus
601 3348 778 3429 exploravit
797 3346 874 3409 olim

398 3440 522 3505 Patrius
544 3456 577 3505 ct
597 3447 722 3527 reperit
750 3446 910 3529 Sibyllam.
