2600 4284
462 541 554 596 Liber
568 537 700 615 Epeion.
723 546 763 600 12.
982 536 1046 612 ’433

138 702 229 762 Nec
248 696 295 760 de
305 696 404 782 ptete
417 711 524 762 tamen
534 697 712 762 communis
726 695 791 762 filiu
806 696 905 764 siivtc
917 710 985 760 ests

191 800 357 862 Collibus
378 799 494 878 Aoniis

247 900 380 963 Notavit
400 901 485 963 inter
505 899 650 964 arbores.

139 1003 272 1100 Quam
285 1000 506 1076 simulandivi,
529 1002 624 1064 simul
635 999 727 1066 hausi
738 1002 1005 1091 pectorisiqusis.

191 1106 292 1167 Sunt
312 1103 347 1164 in
367 1125 475 1166 umore
497 1102 595 1166 duces
623 1172 625 1176 ,
1009 1123 1044 1178 50

248 1207 326 1269 Non
345 1206 413 1268 sols
429 1225 557 1288 semper
578 1205 707 1277 luminu.

146 1321 335 1385 Continuo
357 1319 497 1404 durique
519 1319 650 1384 domum
672 1317 814 1384 Pensidu
834 1333 974 1384 nostrum

200 1423 370 1506 Sertaque
392 1420 542 1484 Pierides

256 1525 415 1607 sparsere
436 1545 501 1586 uon
522 1522 677 1588 mortalis.

150 1640 300 1721 lamque
309 1637 413 1700 tribus
420 1636 530 1700 lustris
544 1637 615 1700 sine
627 1637 763 1700 crimine
777 1636 913 1706 vivimus
921 1659 992 1716 uns,
1011 1645 1043 1699 tt

202 1738 433 1823 Dissidiisque
455 1737 524 1802 sinc

257 1841 413 1905 Libamus
434 1855 561 1905 curatos
582 1837 663 1902 dies.

157 1955 268 2052 Quod
280 1974 408 2041 querar,
426 1953 510 2018 haud
530 1953 653 2017 habeo:
676 1967 761 2017 tanta
775 1967 823 2018 est
838 1953 1011 2020 concordia

825 2081 959 2124 morum.

208 2145 286 2227 Ipsa
306 2141 379 2225 regi
400 2140 505 2204 facilis

254 2243 386 2306 Priscus
407 2243 541 2307 Sabinas
562 2263 727 2329 provocat.
1013 2237 1046 2290 ⁸⁰

163 2350 245 2412 Nou
267 2346 366 2408 invita
388 2345 475 2408 silet:
498 2345 593 2409 mittit
613 2367 771 2432 responsa
791 2347 928 2432 roganti,

211 2447 327 2510 indole
349 2468 410 2531 qua
431 2447 555 2511 tetricis

257 2547 413 2614 Occurrit
432 2549 523 2614 Echo
545 2551 691 2636 rupibus.

169 2649 240 2715 Sed
252 2670 369 2735 neque,
391 2648 523 2728 siseris,
542 2653 673 2717 crudele
688 2663 902 2718 remurmurat
915 2664 949 2715 ut
965 2663 1009 2729 tu,

214 2759 326 2817 Torvs
342 2767 433 2815 tuens
454 2753 601 2829 Hecube,
1015 2772 1048 2824 05

258 2858 329 2918 Nec
348 2853 473 2928 stridet,
495 2853 602 2931 hirrit,
623 2856 773 2940 ringitur.

172 2956 264 3058 Quin
285 2957 406 3042 pulsatu
427 2956 512 3018 canit
531 2971 687 3042 gratoque
708 2955 854 3042 agnoscit
872 2956 907 3018 in
928 2955 993 3020 ictu

217 3058 377 3128 verberis
399 3077 470 3120 esse
491 3078 556 3137 rea,

260 3165 449 3244 Rursusque
469 3157 606 3224 mulceri
627 3160 711 3223 sinit.

99 3244 103 3343 s
177 3265 230 3330 Ac
239 3262 305 3326 nisi
313 3261 501 3347 percutiam,
523 3263 690 3346 Scythicas
705 3262 746 3326 de
758 3281 849 3326 more
862 3259 994 3324 maritae
1015 3277 1050 3330 ro

101 3524 108 3679 't

221 3365 314 3428 Seria
336 3364 545 3448 conqueritur

262 3468 385 3552 Algers
407 3480 519 3550 pectus
540 3466 698 3550 coniugis.

774 3587 809 3640 28
