2600 4284
489 523 711 599 Liber-primus.
977 531 1020 601 27

170 723 268 778 regno
278 701 460 759 Grenadenei
477 703 597 755 Manem
614 698 745 753 feliciter
759 697 924 767 debellavit,
944 713 1018 753 nuno

172 798 237 851 1571
260 788 427 861 praefectus
447 797 489 840 eet
507 785 589 840 classi
607 783 835 839 Christianorum
852 785 1019 858 principum
1076 772 1081 792 ¹

170 873 298 930 foedere
320 873 487 927 iunctorum
511 871 650 926 adversm
669 873 792 934 Turres,
819 871 958 944 equibus
982 870 1018 925 nd

171 959 333 1029 Ἐχινάδας,
354 957 484 1030 quinque
495 956 569 1010 Ionii
588 955 676 1011 marie
696 955 802 1010 insulae
820 974 915 1029 propo
930 957 1018 1010 Acar-

170 1044 297 1109 naniam,
320 1042 367 1096 die
387 1044 449 1096 Vli.
471 1041 592 1097 Octobr.
609 1043 676 1095 enni
699 1041 828 1095 eiusdem
847 1042 1018 1114 gloriosissi·

171 1147 250 1184 mam
261 1127 424 1200 reportavit
436 1127 595 1182 victoriam.
626 1129 692 1205 Quo
708 1126 824 1199 proelio
836 1129 929 1185 navali
944 1129 1018 1181 Tur-

172 1233 275 1270 oni-nm
293 1213 448 1286 perierunt
466 1210 567 1284 viginti
587 1212 839 1284 quinquemillia,
864 1223 1017 1283 praetores

171 1318 248 1356 vero
267 1299 391 1372 insignes
410 1314 502 1370 paene
521 1313 629 1352 omnes.
645 1329 681 1340 -
717 1317 741 1351 v.
766 1305 807 1354 14.
827 1302 953 1353 Coacon!
965 1315 1019 1368 po·

171 1386 262 1460 puiue
281 1383 448 1440 Cantabriae
472 1382 502 1436 in
518 1383 655 1453 Hispania
680 1383 889 1438 Tarraconensi
913 1383 1018 1436 berba-

171 1489 235 1528 rue.
269 1469 451 1542 singularem
468 1469 547 1522 vocis
565 1485 719 1522 numerum
737 1470 823 1524 hebes
844 1467 921 1540 apud
938 1471 1012 1526 Hor.

171 1557 226 1620 ttt,
245 1561 278 1623 4,
304 1561 351 1611 ³4:
381 1555 487 1609 laetum
505 1553 614 1626 equino
630 1555 769 1628 sanguine
788 1557 963 1610 Concanum.
983 1580 1019 1599 -υ

173 1661 202 1697 r.
225 1648 265 1698 17.
303 1646 399 1695 henne
422 1656 511 1694 corne
533 1656 570 1694 ec.
595 1641 758 1694 Turearum
783 1651 825 1694 ert
847 1638 961 1711 insigne.
982 1669 1017 1686 -ι-

171 1745 200 1779 v.
219 1735 261 1784 25.
280 1731 563 1788 recusationum,
582 1724 608 1776 h.
622 1741 647 1777 e.
665 1724 806 1779 foeminae
822 1739 905 1796 sagae
925 1731 953 1776 et
970 1739 1018 1776 ve-

171 1815 283 1868 neticae
302 1811 349 1866 vel
366 1809 611 1882 praestigiatrioee
628 1808 770 1884 imprimis
787 1821 870 1864 erant
885 1808 1015 1864 infames.
1062 1829 1068 1840 ·

175 1896 219 1953 ct.
238 1899 310 1950 Hor.
331 1894 384 1950 od.
411 1897 440 1960 1,
459 1902 511 1961 27,
531 1901 573 1951 21.
592 1923 627 1934 -
662 1914 690 1948 v.
717 1901 760 1952 26.
796 1901 903 1964 Indiae
923 1901 1017 1962 peteo

173 1998 309 2038 caum
327 1987 478 2036 tinnientte
495 1981 524 2034 h.
543 1997 568 2034 e.
586 1980 712 2037 barbara
730 1981 845 2054 private
863 1978 969 2034 musica
983 1993 1018 2031 ac

172 2083 284 2140 pompa
302 2083 340 2121 ec.
359 2066 449 2121 Luna.
466 2096 508 2109 -·
535 2083 564 2117 v.
583 2071 625 2123 29.
661 2067 781 2130 Nereo-r,
806 2065 911 2122 Oceani
932 2063 1017 2130 titius,

173 2153 248 2208 deuo
267 2150 406 2204 marinus.
424 2179 458 2192 -
492 2169 520 2208 v.
539 2156 581 2208 ³³.
618 2157 719 2206 Baetin
736 2151 890 2222 ffispaniae
913 2148 1019 2204 fluvius

171 2255 234 2294 non
257 2238 362 2309 procul
380 2234 510 2292 Gadibus
534 2235 564 2289 in
585 2236 761 2290 Atlanticum
788 2252 869 2288 mera
893 2232 1018 2288 incident

171 2322 273 2393 (hodie
283 2321 515 2399 Quadaiquivir).
531 2323 571 2376 tb.
588 2324 691 2382 Adria,
705 2335 770 2393 gen.
781 2329 919 2374 nascent
935 2333 1016 2372 mare

170 2407 361 2473 Adriaticum,
378 2424 440 2479 gen.
457 2405 525 2462 iem.
543 2421 617 2460 vero
636 2404 778 2476 oppidum
789 2405 967 2459 maritimum
985 2403 1016 2456 in

171 2493 291 2550 Piceno.
305 2523 343 2534 -
360 2512 388 2550 v.
396 2498 437 2549 36.
453 2495 632 2547 Venetorum
650 2489 759 2562 insigne
778 2501 821 2546 eet
837 2491 885 2544 leo
910 2490 1017 2543 alatus.

171 2609 208 2620 -
227 2597 255 2630 v·
271 2584 312 2636 39.
332 2582 449 2641 Triton,
466 2594 494 2628 v.
511 2583 544 2640 5,
558 2580 599 2634 38.
617 2601 650 2612 -
668 2592 694 2627 v.
713 2581 755 2632 to.
770 2579 846 2630 Anto
857 2576 906 2630 vel
926 2573 1020 2630 Anien

171 2662 264 2732 (onis)
283 2661 381 2715 ltaliae
399 2660 506 2716 fluvius
525 2657 603 2730 apud
619 2660 739 2714 Romam
755 2659 784 2712 in
800 2661 931 2716 Tiberim
950 2659 1018 2714 inei.-

173 2750 225 2804 dit.
239 2781 275 2792 -
297 2764 326 2800 v.
340 2754 381 2802 44.
398 2751 577 2814 Hippotaden
596 2745 614 2800 i.
630 2764 659 2818 q.
670 2746 790 2812 Aeolus,
809 2747 954 2820 Hippotae
969 2761 1019 2798 no·

171 2851 239 2907 pos,
256 2843 291 2887 ut
311 2832 360 2886 alii
377 2833 489 2895 volunt,
506 2830 590 2886 filius.

245 2915 325 2972 Ode
343 2919 415 2975 xm.
442 2922 561 2972 ioannes
580 2917 725 2973 Corvinus
741 2911 916 2978 Haemodes,
934 2928 1019 2984 prae·

174 3003 270 3058 sectus
285 3002 511 3073 Transylvaniae
537 3013 567 3057 et
585 3003 643 3058 dux
663 3001 787 3056 militum
803 2997 926 3054 Ladislai
945 2996 1021 3070 regie

172 3089 319 3162 Ungariee
338 3089 442 3142 eximia
459 3087 635 3142 fortitudine
654 3104 686 3141 ac
701 3102 809 3139 summa
828 3082 918 3155 gloria
932 3099 1020 3154 proe-

173 3178 259 3231 liatus
284 3185 327 3232 eet
346 3184 446 3228 contra
465 3177 657 3246 imperotores
672 3168 837 3224 Amurethis
862 3184 936 3220 anno
956 3173 1021 3223 1442

175 3273 204 3318 et
221 3267 295 3325 1443,
316 3277 401 3331 quem
411 3269 593 3332 postseptem
605 3257 744 3313 mensium
759 3250 1022 3309 obsidionemttba

175 3349 290 3402 Graece
306 3343 473 3418 (Belgrada)
489 3343 639 3398 discedere
659 3343 763 3416 coegit.
791 3337 927 3396 Interfuit
944 3353 1019 3391 anno

176 3438 255 3490 1444.
274 3447 389 3504 pugnae
409 3428 563 3497 Varnenei,
581 3429 612 3484 in
629 3445 687 3503 qua
705 3444 771 3482 cum
783 3424 930 3482 Ledislaue
939 3421 1020 3476 fatali
