2600 4284
478 540 568 597 Liber
583 542 704 615 primus.
969 549 1011 614 21

159 711 251 786 sique
271 714 362 769 humo
380 722 456 768 tecta
476 730 572 788 eoque
587 714 801 786 putrescentia:
821 719 933 772 lubrica
949 715 968 772 i.
986 733 1011 776 e.

161 798 331 854 excidentia
347 798 434 853 facile
458 816 491 854 ac
511 799 694 873 profluentia.
712 807 877 858 Destituant
890 803 910 860 i.
924 820 950 860 e.
966 801 1013 856 de·

157 894 270 938 serunt
279 885 366 957 plane
376 886 528 957 loquentes
545 885 731 958 avolantque,
750 884 789 938 ita
801 896 834 940 ut
848 886 958 942 retrahi
967 904 1012 942 rc·

160 969 329 1042 vocarique
345 969 501 1042 nequeant.
520 998 554 1009 -
580 988 608 1029 v.
628 977 669 1027 17.
689 974 837 1039 Sipottou,
856 973 875 1028 i.
893 991 920 1046 q.
939 976 1013 1028 Har·

159 1063 322 1124 pocrates,
340 1051 412 1108 deus
422 1054 631 1128 Acgyptiorum
641 1055 691 1108 vel
708 1064 799 1110 statua
813 1056 953 1130 imposito
965 1059 1012 1114 ori

161 1138 260 1210 digito
267 1137 627 1194 silentiumcommcndans.
639 1139 686 1196 ef.
694 1140 804 1194 Auson.
817 1141 905 1214 Epist.
921 1145 1011 1212 XXV,

161 1230 215 1280 27:
230 1225 278 1276 Tu
284 1224 367 1277 velut
375 1223 503 1279 Oebaliis
514 1223 626 1278 habites
634 1226 794 1280 taciturnus
806 1227 940 1298 Amyclis,
953 1229 1012 1286 Aut

158 1317 215 1361 tua
227 1307 359 1380 Sigalion
367 1309 528 1382 Aegyptius
540 1310 638 1364 oscula
644 1310 745 1384 signet,
759 1309 912 1380 Obnixum,
929 1313 1012 1366 Paul·

160 1392 246 1454 lhw,
276 1403 365 1450 taces.
382 1428 416 1439 -
432 1414 461 1448 v.
480 1401 523 1454 te.
541 1401 597 1452 &ab
619 1412 689 1450 rosa
713 1397 742 1454 b.
758 1395 870 1453 ainter
889 1413 941 1450 nos
971 1395 1012 1450 tli-

161 1487 250 1532 ctum
265 1478 311 1545 sit,
327 1489 360 1534 ut
369 1480 445 1536 inter
460 1481 616 1538 familiares
634 1493 787 1538 secretum.
805 1512 833 1522 ·-
855 1500 883 1536 v.
899 1489 940 1542 ¹9.
958 1483 1013 1536 llic·

161 1569 323 1632 quidquam
342 1565 363 1621 i.
378 1582 404 1622 e.
415 1566 502 1639 plene
518 1584 593 1633 non,
610 1567 693 1622 nullo
712 1566 816 1634 modo;
835 1571 907 1624 Hor.
919 1567 1012 1640 Epist.

161 1652 235 1716 t,³‚
255 1654 299 1705 32.
317 1678 353 1692 -ν
370 1668 398 1707 v.
409 1657 450 1708 21.
466 1654 592 1706 Auribus
609 1657 763 1716 Arcadum,
782 1651 801 1708 i.
818 1669 844 1706 e.
863 1651 1012 1724 imperito·

161 1751 233 1788 rum
252 1750 286 1788 ac
303 1734 507 1806 profanorum.
526 1736 571 1792 cf.
590 1738 691 1792 luven.
711 1737 770 1794 Sat.
792 1738 855 1802 Vll,
875 1742 933 1794 160.

236 1819 316 1876 Ode
334 1822 452 1876 xxxtt.
466 1839 494 1876 v.
502 1827 527 1878 3.
543 1827 667 1878 Caeciae
678 1829 756 1890 tants
769 1821 797 1876 h.
814 1837 839 1876 e.
849 1820 1011 1894 margarita,

161 1924 244 1980 quae
262 1906 294 1961 in
306 1906 422 1960 concisis
434 1907 570 1962 nascitur.
580 1941 615 1951 -
630 1913 690 1964 ul.
709 1906 890 1980 lasptelapis
902 1907 1012 1980 pretio·
1060 1945 1064 1954 .

160 2009 213 2046 sus
233 1989 405 2046 subviridis.

238 2075 315 2131 Ode
333 2075 494 2132 XXXlll.v.
506 2080 531 2133 6.
543 2074 662 2132 Publius
680 2078 832 2132 Terentius
850 2075 937 2142 Afer,
963 2093 1013 2130 na-

162 2175 211 2219 tus
238 2159 413 2234 Carthagine
432 2180 456 2215 a.
478 2164 513 2218 U.
533 2162 566 2218 G.
585 2167 644 2218 561.
663 2162 789 2218 Terentii
806 2163 915 2216 Lucani
933 2178 1013 2216 sana·

162 2248 240 2303 toris
255 2245 377 2302 Romani
396 2262 498 2301 servus
514 2246 654 2318 primum,
682 2245 786 2302 deinde
803 2246 938 2311 libertus,
957 2246 1011 2300 cla·

162 2351 219 2388 rus
233 2329 452 2386 comoediarum
463 2331 602 2403 scriptor.
621 2331 703 2387 Obiit
710 2348 878 2405 supremum
887 2330 916 2382 in
924 2331 1013 2406 Grae·

162 2420 210 2474 cia
222 2419 350 2474 XXXIX.
368 2415 466 2473 aetatis
484 2432 569 2472 anno.
585 2447 620 2458 -
636 2422 699 2472 v.7.
718 2417 757 2472 M.
772 2416 867 2472 Attius
883 2416 1015 2477 Plautus,

162 2504 290 2578 ignobili
307 2519 416 2575 genere
434 2511 517 2556 natus
533 2499 677 2569 sarsinas,
700 2498 843 2572 oppidulo
862 2500 1012 2562 Umbriae,

164 2593 314 2644 Romanae
334 2599 420 2661 pater
444 2587 502 2642 suit
519 2583 699 2641 comoediae.
728 2585 757 2638 ls
780 2585 905 2658 pecunia
924 2586 1013 2648 omni,

167 2691 258 2748 quarn
285 2673 315 2727 in
333 2673 431 2745 operia
457 2672 599 2728 artificum
624 2667 806 2724 scenicorum
825 2682 963 2746 peperat,
985 2670 1014 2724 in

164 2757 396 2814 mercationibus
421 2757 555 2832 perdita,
583 2756 668 2828 inops
689 2757 810 2812 Romam
834 2755 951 2812 rediens
973 2753 1012 2809 ob

166 2842 371 2919 quaerendum
386 2843 495 2898 victum
513 2841 551 2896 ad
563 2841 800 2914 circumagendas
816 2842 917 2907 molas,
937 2857 1012 2912 quae

165 2929 317 2986 trusatiies
340 2930 542 3001 appellantur,
566 2943 687 2998 operam
704 2927 807 3000 pistori
826 2924 942 2980 locavit.
977 2925 1011 2980 Α.

168 3018 245 3074 Gett.
266 3019 349 3072 Noct.
367 3015 527 3081 att.111,a.
546 3014 613 3068 Vita
631 3011 751 3068 excessit
771 3030 794 3066 a.
815 3013 848 3068 U.
869 3011 901 3066 G.
916 3017 973 3070 570.
984 3011 1012 3070 ln.

168 3119 194 3159 c.
204 3120 230 3156 a·
239 3102 309 3158 Chr.
318 3120 347 3158 n.
367 3105 467 3157 182-
480 3118 509 3157 v.
522 3105 562 3157 il.
577 3104 717 3167 corduba,
729 3096 881 3170 Hispaniae
890 3096 1012 3170 oppido,

166 3188 276 3242 nobilis
292 3190 409 3242 Annaea
429 3183 537 3238 familia
556 3183 616 3239 init
634 3196 707 3244 orta.
746 3184 836 3238 euius
863 3180 922 3236 duo
946 3194 1013 3238 sunt

168 3270 488 3344 cognomineSenecae:
501 3272 542 3325 M.
559 3269 690 3326 Annaeus
700 3269 809 3324 Seneca
816 3267 927 3335 rhetor,
937 3269 1012 3323 eins-

169 3375 229 3434 que
248 3356 326 3412 filius
342 3359 376 3414 1..
396 3357 531 3412 Annaeus
551 3355 677 3422 Seneca,
700 3355 797 3410 clarus
820 3353 1012 3426 philosophus
