2600 4284
421 516 592 586 Lyricorum
608 520 672 574 Lib.
691 524 714 579 Ι.
731 530 773 580 23.
998 534 1040 600 45

205 681 340 775 Quantis
362 687 526 752 littoribus
547 693 689 758 fremunt
904 729 908 753 ι
1009 717 1039 764 15

241 783 357 847 Audax
381 792 566 873 Hypsiboas
588 813 622 858 et
643 799 886 864 calaminthius!

200 883 326 946 Vallum
347 891 518 955 Pelobates
541 895 608 960 luto

237 988 384 1050 Munitus
406 993 520 1056 subitis
544 999 658 1061 obiicit
680 1000 836 1075 hostibus,

197 1086 330 1148 Vastum
351 1092 575 1159 Limuooharis
596 1101 707 1162 lacum.

238 1190 384 1252 Tristem
406 1215 448 1255 ne
466 1215 608 1262 metuant
630 1216 731 1264 eastra
752 1201 878 1284 famem,
900 1223 988 1264 meus
1004 1223 1037 1272 20

197 1288 234 1346 ln
257 1291 366 1371 spicas
389 1296 520 1360 Cereris
542 1324 640 1364 ruens

238 1393 315 1454 Toti
339 1394 503 1482 Sitologus
526 1404 679 1484 providet
699 1405 828 1490 agmini.

197 1489 232 1549 Si
254 1513 318 1554 nox
340 1495 474 1562 iusidias
498 1505 602 1580 struit,

236 1596 433 1660 Monstrabit
453 1605 564 1666 tacitas
585 1607 797 1692 Troglodytes
815 1605 895 1668 rias.

197 1691 420 1760 subvertenda
440 1706 597 1768 cuniculis
621 1745 623 1748 ·
1000 1735 1032 1782 ‘25

236 1795 376 1860 Obstant
397 1804 536 1870 sollicito
558 1812 684 1876 moenia
707 1810 824 1872 militi?
880 1830 887 1844 ’

195 1897 337 1960 Monteis
361 1905 589 1990 Tyroglyphus
613 1927 702 1974 cavat

232 2002 336 2061 Metus
355 2005 526 2072 Helvetiae
549 2033 701 2095 rumpere
725 2011 880 2075 fervidus.

191 2097 278 2191 Quid
301 2107 432 2183 prosint
453 2112 577 2172 celeres
599 2112 676 2187 doli,

232 2202 291 2263 Cui
317 2204 439 2269 lurtum
459 2227 581 2288 noceat,
607 2216 693 2297 quod
715 2215 851 2298 spolium
872 2214 979 2291 iuret3
996 2234 1030 2284 30

192 2302 306 2367 Disuas
330 2328 370 2368 ex
395 2311 639 2398 Meridarpage,

232 2407 307 2499 Quo
332 2409 397 2470 dux
418 2414 561 2475 nobilior
584 2437 645 2478 nec
668 2418 837 2480 Sthenelus
863 2418 935 2478 fuit.

192 2509 219 2565 A
241 2511 356 2590 parvis
379 2513 589 2578 animantibus

230 2613 349 2694 Magna
373 2617 518 2698 exempla
541 2617 612 2702 oapi
633 2639 749 2702 posse,
776 2619 951 2682 Davidides

193 2707 278 2772 Olim
302 2711 343 2774 de
368 2717 494 2796 specula
516 2733 636 2781 mouet.
994 2739 1026 2790 ³5

230 2812 319 2873 Hinc
340 2812 477 2878 formica
498 2819 612 2902 pigros
637 2818 724 2884 ducit
745 2821 785 2884 ad
805 2822 968 2887 horreum.

191 2912 364 2975 Terrarum
386 2915 533 2980 dominos
564 2943 658 3002 apum

229 3017 302 3075 Rex
323 3036 462 3100 regnare
483 3019 599 3082 doeet:
642 3023 772 3087 Civibus
795 3023 931 3105 imperat

190 3115 281 3176 Nullo
306 3138 420 3181 saevus
447 3121 569 3184 aeuleo.

232 3217 315 3299 Ipsis
337 3233 404 3282 tuta
426 3240 535 3287 movet
557 3225 646 3307 signa
670 3223 862 3322 Quiritibus,
993 3251 1026 3301 to

193 3318 231 3379 Et
251 3319 418 3383 Cannense
440 3324 600 3405 piaculum

233 3419 393 3484 Disseusu
415 3425 536 3507 gemini
558 3428 706 3490 Consulis
731 3428 852 3490 editum
