2600 4284
542 542 622 597 ”¹²
925 554 986 623 133

144 696 196 751 bat
210 693 353 763 moribus,
372 705 405 751 ut
421 694 558 752 omnibus
573 694 735 769 prodesset.
765 702 799 757 In
816 704 925 773 Lyricir
948 716 988 761 ta·

145 797 214 835 men
237 778 365 835 omnium
387 781 585 837 aestimatione
606 780 749 841 dominari
775 798 820 843 est
837 790 934 859 visum
961 803 990 847 et

146 867 225 921 inter
249 883 317 934 eos,
353 868 406 939 qui
438 867 469 919 in
492 867 550 923 boc
576 871 711 925 carminis
740 889 846 945 genere
881 880 988 933 versati

144 963 221 1019 sunt,
238 962 377 1025 tanquam
401 952 630 1026 modimperator
647 957 765 1029 qnidam
783 960 904 1021 habitus.
931 966 988 1020 Un-

145 1040 222 1093 dea
246 1038 411 1092 clarissimis
429 1038 510 1093 Viris
534 1058 594 1094 non
616 1041 671 1096 nisi
699 1048 870 1103 Germaniae
893 1055 989 1107 flora-

145 1129 221 1183 tins,
252 1124 542 1181 honorificentissima
571 1129 794 1199 compellatione
824 1130 987 1194 dicebatur.

142 1210 218 1265 Huic
235 1208 386 1284 equidem,
404 1222 439 1267 ut
455 1212 602 1283 principi,
626 1214 680 1267 etsi
697 1217 822 1273 Rsldens
839 1236 987 1293 nunquam

142 1315 206 1351 non
231 1307 413 1369 assurgeret,
447 1295 534 1351 fuere
567 1299 771 1368 nibilominus,
800 1302 850 1377 qui
876 1304 989 1361 dubita-

143 1392 228 1449 rent,
254 1399 293 1435 an
319 1382 424 1437 Flacco
446 1383 515 1455 plns
541 1384 705 1439 concedere
736 1387 876 1454 deberet,
901 1407 988 1463 quarn

143 1466 287 1539 temporis
303 1468 547 1540 praerogativam.
572 1471 604 1521 ln
616 1470 752 1541 primaria
762 1474 882 1529 Romani
899 1475 987 1548 impe·

143 1555 181 1607 rii
195 1554 308 1608 civitate
320 1570 338 1607 a
350 1552 541 1607 senatoribus
552 1553 702 1611 ambitiose
713 1568 856 1613 certatum
876 1569 918 1612 est
930 1578 986 1632 pro

144 1640 276 1701 calamo,
305 1655 366 1711 quo
384 1655 454 1693 usus
472 1649 515 1693 est
531 1638 665 1697 lacobus.
702 1642 759 1718 Qui
780 1642 922 1709 obtinuit,
940 1662 989 1701 ar·

141 1736 230 1798 gente
248 1723 393 1779 inclusum
410 1741 479 1779 suae
496 1724 527 1778 in
543 1726 641 1781 virum
657 1726 861 1783 aestimationis
880 1746 985 1803 perpe.

141 1823 228 1869 tuum
245 1818 463 1863 monumentum
483 1826 545 1863 esse
562 1811 663 1870 voluit.
680 1811 756 1879 Itali,
776 1813 863 1879 Galli,
881 1816 986 1889 Belgae

141 1906 293 1969 optassent
313 1894 415 1951 civem.
441 1897 506 1967 lpse
522 1892 658 1951 Pontifex
671 1896 834 1953 Alexander
844 1916 881 1953 eo
897 1901 986 1957 nomi·

141 2000 180 2037 ne
198 1983 260 2039 vll.
282 1982 571 2037 manturianensis
590 1982 725 2055 equidem
744 1982 842 2057 optimi
857 1986 931 2040 senis
948 1988 986 2043 la·

139 2067 266 2123 boribus
284 2067 480 2121 concinnatam
502 2066 576 2123 adeo
599 2066 750 2140 probavit,
775 2079 808 2123 ut
841 2071 925 2127 missa
949 2072 986 2127 ad
1048 2094 1062 2107 ·

140 2155 236 2225 ipsum
254 2169 345 2206 aurea
361 2150 406 2205 sui
422 2150 533 2224 effigie,
556 2170 614 2223 quo
638 2152 734 2206 animo
754 2151 916 2211 dedicatum
931 2157 985 2212 sibi

139 2255 217 2312 opus
238 2248 395 2311 vatemque
421 2238 595 2309 susciperet,
624 2238 725 2293 testari
743 2237 861 2310 publice
885 2240 921 2296 sit
946 2242 985 2297 di·

138 2336 255 2397 gnatus.

208 2408 331 2467 lacobus
339 2408 522 2467 Pontificium
530 2409 785 2481 munusDeiparae
796 2411 910 2485 Virgini
922 2429 984 2469 ana·

139 2498 237 2551 thema
248 2495 562 2569 Neoburgienependit,
581 2505 613 2549 ut
625 2496 813 2568 intelligeres,
828 2514 914 2570 quam
923 2500 985 2553 Pal.

139 2580 241 2635 ladem
258 2581 377 2647 coleret,
395 2598 412 2635 e
430 2600 488 2654 qua
503 2582 620 2635 laurum
637 2592 778 2652 speraret.
806 2582 935 2638 Mariana
952 2584 985 2639 li·

137 2667 179 2722 lia
201 2678 233 2722 et
249 2666 430 2723 verecundas
448 2683 529 2721 rosas
544 2667 659 2739 spirant
678 2666 786 2740 ubique
804 2685 905 2725 vorsus
922 2670 985 2725 Bal·

138 2752 235 2811 deani.
261 2753 341 2809 Alias
359 2752 431 2807 lidos
443 2752 504 2807 cius
525 2752 588 2821 lyra
603 2752 734 2825 ignorat,
754 2772 840 2828 quarn
858 2772 929 2831 quos
941 2773 984 2811 ca.

136 2840 280 2897 stissimus
300 2840 398 2911 Agnus
413 2838 536 2895 suffecit.
563 2840 752 2912 Septuaginta
771 2840 888 2895 omnino
911 2839 985 2897 odae

139 2928 238 2982 solum
258 2926 289 2981 in
307 2923 420 2996 Lyricis
445 2935 473 2981 et
491 2925 615 2998 sylvulis
639 2925 849 2997 reperiuntur,
877 2926 985 3000 quibus

138 3013 291 3083 Superum
309 3010 435 3083 Reginae
453 3029 566 3067 amores
583 3012 659 3065 canit
677 3022 706 3067 et
722 3011 832 3077 laudes,
851 3023 908 3067 tem
922 3011 984 3069 soe·

138 3096 239 3153 cundo
268 3113 384 3169 semper
405 3096 520 3170 ingenio
547 3115 633 3169 quam
657 3098 726 3171 pio,
754 3107 786 3151 ut
809 3096 983 3157 crubescere

139 3186 286 3241 discerent
303 3183 401 3239 lascivi
424 3182 532 3239 oscines
554 3192 583 3237 et
600 3182 721 3237 infames
739 3191 858 3254 poetae,
878 3183 985 3258 quibus

138 3273 279 3329 continuo
296 3288 355 3327 vox
373 3273 483 3338 haeret,
505 3268 559 3323 nisi
576 3267 741 3341 prostibula
753 3268 892 3325 cantanda
909 3269 966 3325 sint
972 3288 982 3339 ς

138 3371 168 3415 et
186 3375 261 3413 vena
281 3356 439 3423 exarescit,
467 3356 520 3411 nisi
539 3352 746 3409 describendae
764 3355 820 3408 sint
837 3355 983 3426 Cynthiae,

138 3457 190 3502 aut
207 3443 344 3519 pingendi
359 3441 512 3500 Adonides·
542 3439 624 3497 Unde
640 3458 699 3494 non
716 3442 857 3494 minorem
876 3439 983 3495 elabo-

137 3531 225 3586 ribus
244 3530 303 3585 suis
327 3527 480 3584 utilitatem
500 3526 632 3601 collegit,
661 3542 748 3600 quam
770 3524 888 3594 iamam3
918 3540 982 3579 curn
