2600 4284
244 535 310 605 354
574 526 674 582 Jacobi
690 524 780 581 Baldo

291 686 447 751 Tautillus
468 706 603 750 uenum:
628 684 757 747 conscia
777 703 867 751 meus
889 682 937 745 sui

291 788 430 854 Montois
450 804 483 853 et
504 809 604 853 sonos
624 786 764 850 transilit
786 785 933 868 impunes.

337 889 401 954 Sed
424 904 476 954 est
497 905 530 955 et
550 890 619 974 ipss
638 886 734 951 leudo
755 886 859 949 formu
1139 883 1175 934 15
1206 921 1207 959 l

377 992 534 1076 Corporis
555 989 759 1075 imperioque
781 987 887 1073 dignu.

299 1174 452 1236 Frontem
474 1170 617 1234 venustis
639 1166 770 1230 Claudio
792 1166 913 1232 Gratiis

215 1320 220 1329 1
295 1275 336 1337 Et
358 1272 505 1336 Mcdiceo
528 1272 636 1337 sidere
659 1270 786 1333 miscuit

338 1374 502 1459 Deditque
525 1374 711 1438 Florentino
732 1372 838 1435 vivum

383 1480 418 1539 ln
441 1476 523 1539 facie
546 1474 672 1539 radiare
695 1472 819 1538 llorem.
1123 1480 1165 1531 ²0

301 1660 343 1723 At
363 1673 476 1742 pectus
498 1658 633 1743 emplum
659 1672 692 1723 et
713 1671 915 1723 contremere
939 1657 1070 1742 igneum

302 1762 408 1845 Atque
432 1760 634 1824 incubantem
658 1782 800 1847 magnam
822 1761 957 1826 animum
979 1775 1071 1845 puter

347 1853 499 1926 Posseulit
520 1862 727 1946 implevitque
749 1852 854 1926 venus.

390 1967 428 2025 ln
449 1984 546 2029 roseo
570 1964 754 2047 Leopoldus
777 1986 835 2029 ore

307 2142 405 2207 Sedet
426 2144 532 2208 videri
554 2145 654 2209 luetus
677 2159 709 2209 et
732 2166 830 2209 nureo
1107 2146 1153 2199 ²5

308 2247 451 2330 Fulgore
473 2266 637 2330 praesens.
662 2248 717 2309 llle
741 2246 871 2331 quidem
894 2244 981 2309 diem

355 2349 531 2430 Exemptus
552 2347 721 2410 humanum
743 2348 877 2433 reliquit

394 2449 536 2512 Alterius
559 2451 739 2533 speculator
761 2448 867 2517 orbist

312 2635 362 2695 'Pu
384 2654 463 2697 vero
486 2633 584 2709 vultu,
607 2633 762 2711 moribus,
791 2633 900 2699 indole

313 2734 368 2797 Sic
391 2733 580 2799 vindicatam
602 2735 713 2799 reddis
735 2736 917 2821 imaginem,
1114 2738 1145 2793 ³⁰

355 2837 408 2899 Nil
431 2835 527 2900 ‹listet
547 2852 581 2901 ut
601 2838 675 2902 vivo
698 2840 848 2921 sepultus.

400 2938 430 3001 Ο
452 2939 573 3024 patriae
595 2940 725 3024 pietatis
746 2939 843 3003 heros

314 3118 363 3182 Ex
384 3141 464 3199 asse,
489 3114 593 3201 sulse3
615 3115 754 3207 qualiter
774 3122 893 3185 imbuis

317 3224 491 3286 Commune
514 3227 638 3289 votum!
668 3225 892 3289 rethoricum
915 3238 1048 3290 sonante

360 3323 431 3387 Scis
454 3326 580 3387 culmen
601 3326 759 3391 inclinare
784 3328 858 3391 civi.
1122 3332 1153 3387 lt

404 3425 483 3487 Cum
502 3440 551 3489 tot
572 3428 639 3491 svis
663 3430 813 3517 serieque
834 3432 929 3517 louge

152 3710 685 3945 *m
