2600 4284
392 510 566 580 Lyricorum
577 509 640 568 Lib.
665 514 686 566 i.
706 515 750 568 28.
770 517 810 570 29·
1006 519 1049 584 55

207 681 300 740 Haec
320 677 436 744 bruma
457 701 583 756 vernas,
608 680 689 741 haec
717 676 843 766 subigit
869 705 971 748 rosas.

204 781 335 843 Ledaea
357 798 446 846 certe
466 780 622 864 Tyndaris
644 781 773 864 angitur

248 882 291 944 Et
311 900 442 947 moeret
463 885 610 946 intricata
632 882 724 964 rugis
1014 891 1047 945 ³5

291 985 417 1069 Bisque
438 985 511 1067 rapi
532 983 677 1068 potuisse
698 1003 806 1046 secum

203 1087 346 1148 Miratur
367 1085 450 1147 eheu
479 1087 577 1148 multa
606 1097 721 1168 putans
742 1105 829 1149 anus.

203 1187 344 1250 Famosa
368 1185 537 1270 quondam,
562 1185 636 1246 dum
658 1199 810 1249 steterant
832 1205 942 1272 genae,

246 1288 288 1350 Et
311 1287 441 1352 flamma
461 1288 582 1351 venalis
605 1285 753 1350 Corinthi

287 1389 452 1474 Ingemuit
473 1390 548 1454 nive
571 1409 681 1473 sparsa
701 1386 783 1448 Lais.
1012 1397 1047 1453 to

514 1601 670 1618 μ

311 1785 375 1845 Act
395 1783 532 1847 Iullum
552 1781 843 1844 rnamestnnm.

234 1933 299 1986 Nou
319 1935 506 1986 delectante
524 1931 624 1997 fracto
643 1933 672 1982 et
687 1931 812 1982 naoltIorc
828 1933 925 2003 coetu.

441 2069 525 2134 OD
545 2069 574 2128 E
618 2069 731 2129 XXIX.

188 2224 342 2302 oscines
363 2253 475 2311 sectos,
499 2237 701 2311 Thamesine‚
725 2233 842 2309 laudas,

193 2342 282 2403 Colla
305 2354 482 2424 torquatos,
509 2339 582 2401 oleo
604 2338 755 2399 nitenteis

192 2444 312 2505 Guttur
333 2461 372 2504 ac
392 2460 515 2515 vocem,
545 2457 761 2522 numerosque
783 2436 891 2498 stricta

445 2539 597 2622 Concipis
610 2560 699 2602 aure.

190 2645 294 2725 thue
315 2655 350 2704 te
373 2640 502 2704 credam
524 2639 628 2702 minus
648 2640 831 2724 imperitum
1015 2653 1031 2701 5

192 2747 353 2818 indicem,
376 2742 472 2804 iuras:
498 2740 582 2801 nihil
603 2739 735 2802 eviratis

194 2845 330 2908 Dulcius
353 2842 465 2926 cygnis
488 2840 583 2903 etiam
605 2838 728 2920 Caystri

445 2940 597 3005 Reddere
618 2942 717 3023 ripas.

188 3049 259 3108 Non
283 3065 347 3128 ego
368 3042 474 3106 mollis
496 3039 665 3104 cathedrae
687 3055 855 3125 patronus3

189 3147 270 3213 Viva
290 3159 425 3207 naturae
440 3145 545 3226 placet
572 3156 605 3204 ct
639 3142 744 3206 virilis
813 3205 819 3225 ἱ
996 3171 1028 3219 ¹0

191 3251 262 3315 vox
285 3244 376 3321 mihi,
404 3264 468 3307 non
491 3265 571 3328 quae
590 3244 731 3330 Phrygis
752 3231 828 3311 usta.¹
840 3243 932 3307 ferro

446 3344 621 3430 Fractaque
643 3344 747 3408 tinnit
