<?xml version="1.0" encoding="UTF-8"?>
<!DOCTYPE html PUBLIC "-//W3C//DTD XHTML 1.0 Transitional//EN"
    "http://www.w3.org/TR/xhtml1/DTD/xhtml1-transitional.dtd">
<html xmlns="http://www.w3.org/1999/xhtml" xml:lang="en" lang="en">
 <head>
  <title>
</title>
<meta http-equiv="Content-Type" content="text/html;charset=utf-8" />
  <meta name='ocr-system' content='tesseract 3.04.00' />
  <meta name='ocr-capabilities' content='ocr_page ocr_carea ocr_par ocr_line ocrx_word'/>
</head>
<body>
  <div class='ocr_page' id='page_1' title='image "./jacobibaldecarm00mlgoog_0128.png"; bbox 0 0 2600 4284; ppageno 0'>
   <div class='ocr_carea' id='block_1_1' title="bbox 277 471 785 541">
    <p class='ocr_par' dir='ltr' id='par_1_1' title="bbox 277 471 785 541">
     <span class='ocr_line' id='line_1_1' title="bbox 277 471 785 541; baseline 0.006 -14"><span class='ocrx_word' id='word_1_1' title='bbox 277 473 338 541; x_wconf 82' lang='grc'><strong>104</strong></span> <span class='ocrx_word' id='word_1_2' title='bbox 576 471 677 527; x_wconf 82' lang='lat' dir='ltr'><strong>Jacobi</strong></span> <span class='ocrx_word' id='word_1_3' title='bbox 697 471 785 530; x_wconf 75' lang='lat' dir='ltr'><strong>ualde</strong></span> 
     </span>
    </p>
   </div>
   <div class='ocr_carea' id='block_1_2' title="bbox 315 642 894 1035">
    <p class='ocr_par' dir='ltr' id='par_1_2' title="bbox 315 642 894 1035">
     <span class='ocr_line' id='line_1_2' title="bbox 315 642 851 733; baseline 0.011 -30"><span class='ocrx_word' id='word_1_4' title='bbox 315 646 392 704; x_wconf 77' lang='lat' dir='ltr'><strong>&#39;Pam</strong></span> <span class='ocrx_word' id='word_1_5' title='bbox 413 642 549 706; x_wconf 87' lang='lat' dir='ltr'><strong>curiosis</strong></span> <span class='ocrx_word' id='word_1_6' title='bbox 569 644 742 711; x_wconf 81' lang='lat' dir='ltr'><strong>luminibus</strong></span> <span class='ocrx_word' id='word_1_7' title='bbox 763 649 851 733; x_wconf 80' lang='lat' dir='ltr'><strong>vigil,</strong></span> 
     </span>
     <span class='ocr_line' id='line_1_3' title="bbox 316 746 894 831; baseline 0.007 -24"><span class='ocrx_word' id='word_1_8' title='bbox 316 746 356 807; x_wconf 88' lang='lat' dir='ltr'><strong>Ut</strong></span> <span class='ocrx_word' id='word_1_9' title='bbox 377 760 587 829; x_wconf 87' lang='lat' dir='ltr'><strong>temperatum</strong></span> <span class='ocrx_word' id='word_1_10' title='bbox 607 749 750 831; x_wconf 82' lang='lat' dir='ltr'><strong>pectoris</strong></span> <span class='ocrx_word' id='word_1_11' title='bbox 772 751 894 813; x_wconf 86' lang='lat' dir='ltr'><strong>alveum</strong></span> 
     </span>
     <span class='ocr_line' id='line_1_4' title="bbox 360 846 878 933; baseline 0.008 -26"><span class='ocrx_word' id='word_1_12' title='bbox 360 846 521 911; x_wconf 88' lang='lat' dir='ltr'><strong>Concinna</strong></span> <span class='ocrx_word' id='word_1_13' title='bbox 541 849 713 933; x_wconf 85' lang='lat' dir='ltr'><strong>tranquillo</strong></span> <span class='ocrx_word' id='word_1_14' title='bbox 734 850 878 915; x_wconf 81' lang='lat' dir='ltr'><strong>voluntas</strong></span> 
     </span>
     <span class='ocr_line' id='line_1_5' title="bbox 402 948 884 1035; baseline 0.008 -27"><span class='ocrx_word' id='word_1_15' title='bbox 402 948 538 1032; x_wconf 80' lang='lat' dir='ltr'>Naviget</span> <span class='ocrx_word' id='word_1_16' title='bbox 558 948 759 1035; x_wconf 86' lang='lat' dir='ltr'><strong>insideatque</strong></span> <span class='ocrx_word' id='word_1_17' title='bbox 781 966 884 1015; x_wconf 83' lang='lat' dir='ltr'><strong>rento.</strong></span> 
     </span>
    </p>
   </div>
   <div class='ocr_carea' id='block_1_3' title="bbox 318 1116 949 1504">
    <p class='ocr_par' dir='ltr' id='par_1_3' title="bbox 318 1116 949 1504">
     <span class='ocr_line' id='line_1_6' title="bbox 318 1116 949 1194; baseline 0.011 -18"><span class='ocrx_word' id='word_1_18' title='bbox 318 1118 388 1178; x_wconf 86' lang='lat' dir='ltr'><strong>Non</strong></span> <span class='ocrx_word' id='word_1_19' title='bbox 410 1118 458 1180; x_wconf 87' lang='lat' dir='ltr'><strong>ira</strong></span> <span class='ocrx_word' id='word_1_20' title='bbox 479 1116 603 1194; x_wconf 88' lang='lat' dir='ltr'><strong>fluctus,</strong></span> <span class='ocrx_word' id='word_1_21' title='bbox 625 1142 690 1183; x_wconf 89' lang='lat' dir='ltr'><strong>non</strong></span> <span class='ocrx_word' id='word_1_22' title='bbox 712 1141 801 1185; x_wconf 89' lang='lat' dir='ltr'><strong>amor</strong></span> <span class='ocrx_word' id='word_1_23' title='bbox 823 1120 949 1194; x_wconf 85' lang='lat' dir='ltr'><strong>excitet,</strong></span> 
     </span>
     <span class='ocr_line' id='line_1_7' title="bbox 319 1216 941 1303; baseline 0.006 -26"><span class='ocrx_word' id='word_1_24' title='bbox 319 1216 497 1301; x_wconf 82' lang='lat' dir='ltr'><strong>Frangatve</strong></span> <span class='ocrx_word' id='word_1_25' title='bbox 517 1242 623 1282; x_wconf 85' lang='lat' dir='ltr'><strong>remos</strong></span> <span class='ocrx_word' id='word_1_26' title='bbox 645 1222 812 1303; x_wconf 83' lang='lat' dir='ltr'><strong>impatiens</strong></span> <span class='ocrx_word' id='word_1_27' title='bbox 833 1220 941 1296; x_wconf 90' lang='lat' dir='ltr'><strong>dolor,</strong></span> 
     </span>
     <span class='ocr_line' id='line_1_8' title="bbox 363 1319 824 1383; baseline 0.009 -4"><span class='ocrx_word' id='word_1_28' title='bbox 363 1320 427 1380; x_wconf 86' lang='lat' dir='ltr'><strong>Aut</strong></span> <span class='ocrx_word' id='word_1_29' title='bbox 448 1319 596 1383; x_wconf 80' lang='lat' dir='ltr'><strong>incitatae</strong></span> <span class='ocrx_word' id='word_1_30' title='bbox 617 1323 686 1383; x_wconf 80' lang='lat' dir='ltr'><strong>vela</strong></span> <span class='ocrx_word' id='word_1_31' title='bbox 707 1320 824 1383; x_wconf 87' lang='lat' dir='ltr'><strong>mentis</strong></span> 
     </span>
     <span class='ocr_line' id='line_1_9' title="bbox 404 1405 923 1504; baseline 0.01 -24"><span class='ocrx_word' id='word_1_32' title='bbox 404 1420 563 1484; x_wconf 81' lang='lat' dir='ltr'><strong>Destituat</strong></span> <span class='ocrx_word' id='word_1_33' title='bbox 580 1420 677 1484; x_wconf 88' lang='lat' dir='ltr'><strong>timor</strong></span> <span class='ocrx_word' id='word_1_34' title='bbox 698 1405 741 1482; x_wconf 55' lang='lat' dir='ltr'><strong>in‘</strong></span> <span class='ocrx_word' id='word_1_35' title='bbox 754 1422 923 1504; x_wconf 76' lang='lat' dir='ltr'><strong>Charybdi</strong></span> 
     </span>
    </p>
   </div>
   <div class='ocr_carea' id='block_1_4' title="bbox 323 1591 968 1977">
    <p class='ocr_par' dir='ltr' id='par_1_4' title="bbox 323 1591 968 1977">
     <span class='ocr_line' id='line_1_10' title="bbox 323 1591 968 1677; baseline 0.005 -23"><span class='ocrx_word' id='word_1_36' title='bbox 323 1594 387 1655; x_wconf 88' lang='lat' dir='ltr'><strong>Hic</strong></span> <span class='ocrx_word' id='word_1_37' title='bbox 409 1591 494 1654; x_wconf 88' lang='lat' dir='ltr'><strong>liber</strong></span> <span class='ocrx_word' id='word_1_38' title='bbox 516 1606 573 1668; x_wconf 87' lang='lat' dir='ltr'><strong>est,</strong></span> <span class='ocrx_word' id='word_1_39' title='bbox 600 1593 655 1677; x_wconf 90' lang='lat' dir='ltr'><strong>qui</strong></span> <span class='ocrx_word' id='word_1_40' title='bbox 677 1614 711 1657; x_wconf 86' lang='lat' dir='ltr'><strong>se</strong></span> <span class='ocrx_word' id='word_1_41' title='bbox 735 1593 799 1655; x_wconf 86' lang='lat' dir='ltr'><strong>sibl</strong></span> <span class='ocrx_word' id='word_1_42' title='bbox 819 1592 968 1671; x_wconf 86' lang='lat' dir='ltr'><strong>vindicat,</strong></span> 
     </span>
     <span class='ocr_line' id='line_1_11' title="bbox 325 1692 889 1777; baseline 0.002 -22"><span class='ocrx_word' id='word_1_43' title='bbox 325 1692 461 1777; x_wconf 88' lang='lat' dir='ltr'><strong>Suisque</strong></span> <span class='ocrx_word' id='word_1_44' title='bbox 485 1713 611 1776; x_wconf 87' lang='lat' dir='ltr'><strong>semper</strong></span> <span class='ocrx_word' id='word_1_45' title='bbox 632 1694 775 1757; x_wconf 85' lang='lat' dir='ltr'><strong>nobilior</strong></span> <span class='ocrx_word' id='word_1_46' title='bbox 795 1692 889 1757; x_wconf 90' lang='lat' dir='ltr'><strong>bonis</strong></span> 
     </span>
     <span class='ocr_line' id='line_1_12' title="bbox 368 1792 870 1877; baseline 0.004 -22"><span class='ocrx_word' id='word_1_47' title='bbox 368 1792 501 1866; x_wconf 86' lang='lat' dir='ltr'><strong>Caduca,</strong></span> <span class='ocrx_word' id='word_1_48' title='bbox 525 1815 605 1877; x_wconf 89' lang='lat' dir='ltr'><strong>quac</strong></span> <span class='ocrx_word' id='word_1_49' title='bbox 627 1794 689 1859; x_wconf 86' lang='lat' dir='ltr'><strong>late</strong></span> <span class='ocrx_word' id='word_1_50' title='bbox 710 1808 870 1877; x_wconf 84' lang='lat' dir='ltr'><strong>potentem</strong></span> 
     </span>
     <span class='ocr_line' id='line_1_13' title="bbox 409 1893 907 1977; baseline 0 -22"><span class='ocrx_word' id='word_1_51' title='bbox 409 1896 508 1956; x_wconf 83' lang='lat' dir='ltr'><strong>Trans</strong></span> <span class='ocrx_word' id='word_1_52' title='bbox 530 1894 627 1957; x_wconf 91' lang='lat' dir='ltr'><strong>animi</strong></span> <span class='ocrx_word' id='word_1_53' title='bbox 647 1893 775 1957; x_wconf 87' lang='lat' dir='ltr'><strong>iacuere</strong></span> <span class='ocrx_word' id='word_1_54' title='bbox 796 1895 907 1977; x_wconf 82' lang='lat' dir='ltr'><strong>ripam,</strong></span> 
     </span>
    </p>
   </div>
   <div class='ocr_carea' id='block_1_5' title="bbox 327 2088 1031 2477">
    <p class='ocr_par' dir='ltr' id='par_1_5' title="bbox 327 2088 1031 2477">
     <span class='ocr_line' id='line_1_14' title="bbox 327 2088 964 2174; baseline -0.005 -21"><span class='ocrx_word' id='word_1_55' title='bbox 327 2089 460 2174; x_wconf 79' lang='lat' dir='ltr'><strong>Indigna</strong></span> <span class='ocrx_word' id='word_1_56' title='bbox 482 2092 568 2153; x_wconf 87' lang='lat' dir='ltr'><strong>curis</strong></span> <span class='ocrx_word' id='word_1_57' title='bbox 591 2088 766 2174; x_wconf 82' lang='lat' dir='ltr'><strong>grandibus</strong></span> <span class='ocrx_word' id='word_1_58' title='bbox 786 2088 964 2165; x_wconf 76' lang='lat' dir='ltr'><strong>aestimans,</strong></span> 
     </span>
     <span class='ocr_line' id='line_1_15' title="bbox 331 2190 1031 2287; baseline -0.003 -34"><span class='ocrx_word' id='word_1_59' title='bbox 331 2192 529 2287; x_wconf 79' lang='lat' dir='ltr'><strong>Quocunque</strong></span> <span class='ocrx_word' id='word_1_60' title='bbox 552 2211 626 2252; x_wconf 87' lang='lat' dir='ltr'><strong>casu</strong></span> <span class='ocrx_word' id='word_1_61' title='bbox 648 2190 783 2275; x_wconf 85' lang='lat' dir='ltr'><strong>perdita,</strong></span> <span class='ocrx_word' id='word_1_62' title='bbox 805 2212 897 2273; x_wconf 87' lang='lat' dir='ltr'><strong>qnam</strong></span> <span class='ocrx_word' id='word_1_63' title='bbox 919 2212 1031 2273; x_wconf 88' lang='lat' dir='ltr'><strong>parum</strong></span> 
     </span>
     <span class='ocr_line' id='line_1_16' title="bbox 372 2291 953 2377; baseline -0.003 -23"><span class='ocrx_word' id='word_1_64' title='bbox 372 2293 540 2377; x_wconf 80' lang='lat' dir='ltr'><strong>Segmenta</strong></span> <span class='ocrx_word' id='word_1_65' title='bbox 560 2306 671 2356; x_wconf 79' lang='lat' dir='ltr'><strong>tonsae</strong></span> <span class='ocrx_word' id='word_1_66' title='bbox 694 2312 801 2373; x_wconf 87' lang='lat' dir='ltr'><strong>sparsa</strong></span> <span class='ocrx_word' id='word_1_67' title='bbox 823 2291 953 2366; x_wconf 83' lang='lat' dir='ltr'><strong>barbae,</strong></span> 
     </span>
     <span class='ocr_line' id='line_1_17' title="bbox 411 2393 839 2477; baseline 0.002 -21"><span class='ocrx_word' id='word_1_68' title='bbox 411 2393 548 2456; x_wconf 84' lang='lat' dir='ltr'><strong>Restitui</strong></span> <span class='ocrx_word' id='word_1_69' title='bbox 570 2393 720 2475; x_wconf 86' lang='lat' dir='ltr'><strong>spoliatus</strong></span> <span class='ocrx_word' id='word_1_70' title='bbox 744 2405 839 2477; x_wconf 88' lang='lat' dir='ltr'><strong>optat.</strong></span> 
     </span>
    </p>
   </div>
   <div class='ocr_carea' id='block_1_6' title="bbox 329 2571 996 2969">
    <p class='ocr_par' dir='ltr' id='par_1_6' title="bbox 329 2571 996 2969">
     <span class='ocr_line' id='line_1_18' title="bbox 330 2571 996 2658; baseline 0.006 -27"><span class='ocrx_word' id='word_1_71' title='bbox 330 2574 399 2632; x_wconf 91' lang='lat' dir='ltr'><strong>lam.</strong></span> <span class='ocrx_word' id='word_1_72' title='bbox 414 2574 516 2657; x_wconf 84' lang='lat' dir='ltr'><strong>qualis</strong></span> <span class='ocrx_word' id='word_1_73' title='bbox 537 2574 621 2638; x_wconf 90' lang='lat' dir='ltr'><strong>inter</strong></span> <span class='ocrx_word' id='word_1_74' title='bbox 640 2572 819 2658; x_wconf 79' lang='lat' dir='ltr'><strong>prospera?</strong></span> <span class='ocrx_word' id='word_1_75' title='bbox 847 2571 996 2637; x_wconf 78' lang='lat' dir='ltr'><strong>Nubiluat</strong></span> 
     </span>
     <span class='ocr_line' id='line_1_19' title="bbox 329 2671 937 2753; baseline 0.01 -22"><span class='ocrx_word' id='word_1_76' title='bbox 329 2672 440 2736; x_wconf 83' lang='lat' dir='ltr'><strong>Rebus</strong></span> <span class='ocrx_word' id='word_1_77' title='bbox 458 2676 615 2753; x_wconf 87' lang='lat' dir='ltr'><strong>secundis,</strong></span> <span class='ocrx_word' id='word_1_78' title='bbox 642 2678 670 2738; x_wconf 93' lang='lat' dir='ltr'><strong>si</strong></span> <span class='ocrx_word' id='word_1_79' title='bbox 690 2674 806 2737; x_wconf 88' lang='lat' dir='ltr'><strong>nimiae</strong></span> <span class='ocrx_word' id='word_1_80' title='bbox 828 2671 937 2748; x_wconf 88' lang='lat' dir='ltr'><strong>ssuant,</strong></span> 
     </span>
     <span class='ocr_line' id='line_1_20' title="bbox 374 2772 866 2863; baseline 0.006 -27"><span class='ocrx_word' id='word_1_81' title='bbox 374 2772 520 2839; x_wconf 87' lang='lat' dir='ltr'><strong>Oblatrat</strong></span> <span class='ocrx_word' id='word_1_82' title='bbox 540 2776 706 2863; x_wconf 78' lang='lat' dir='ltr'><strong>infigitque</strong></span> <span class='ocrx_word' id='word_1_83' title='bbox 729 2775 866 2839; x_wconf 88' lang='lat' dir='ltr'><strong>dentem.</strong></span> 
     </span>
     <span class='ocr_line' id='line_1_21' title="bbox 413 2876 883 2969; baseline 0.009 -32"><span class='ocrx_word' id='word_1_84' title='bbox 413 2876 579 2941; x_wconf 83' lang='lat' dir='ltr'><strong>Fluctibus</strong></span> <span class='ocrx_word' id='word_1_85' title='bbox 602 2879 774 2969; x_wconf 77' lang='lat' dir='ltr'><strong>exagitatus</strong></span> <span class='ocrx_word' id='word_1_86' title='bbox 798 2878 883 2942; x_wconf 86' lang='lat' dir='ltr'><strong>iuter</strong></span> 
     </span>
    </p>
   </div>
   <div class='ocr_carea' id='block_1_7' title="bbox 331 3062 940 3433">
    <p class='ocr_par' dir='ltr' id='par_1_7' title="bbox 331 3062 940 3351">
     <span class='ocr_line' id='line_1_22' title="bbox 331 3062 836 3129; baseline 0.008 -4"><span class='ocrx_word' id='word_1_87' title='bbox 331 3062 476 3126; x_wconf 84' lang='lat' dir='ltr'><strong>Adversa</strong></span> <span class='ocrx_word' id='word_1_88' title='bbox 496 3078 581 3127; x_wconf 89' lang='lat' dir='ltr'><strong>tanto</strong></span> <span class='ocrx_word' id='word_1_89' title='bbox 601 3063 716 3127; x_wconf 83' lang='lat' dir='ltr'><strong>laetior</strong></span> <span class='ocrx_word' id='word_1_90' title='bbox 735 3066 836 3129; x_wconf 79' lang='lat' dir='ltr'><strong>exilit.</strong></span> 
     </span>
     <span class='ocr_line' id='line_1_23' title="bbox 333 3165 940 3251; baseline 0 -24"><span class='ocrx_word' id='word_1_91' title='bbox 333 3165 472 3227; x_wconf 83' lang='lat' dir='ltr'><strong>Fortuna</strong></span> <span class='ocrx_word' id='word_1_92' title='bbox 493 3167 598 3231; x_wconf 85' lang='lat' dir='ltr'><strong>mollis</strong></span> <span class='ocrx_word' id='word_1_93' title='bbox 617 3182 738 3250; x_wconf 82' lang='lat' dir='ltr'><strong>pugnet</strong></span> <span class='ocrx_word' id='word_1_94' title='bbox 758 3188 798 3229; x_wconf 90' lang='lat' dir='ltr'><strong>an</strong></span> <span class='ocrx_word' id='word_1_95' title='bbox 819 3188 940 3251; x_wconf 84' lang='lat' dir='ltr'><strong>aspera,</strong></span> 
     </span>
     <span class='ocr_line' id='line_1_24' title="bbox 377 3264 906 3351; baseline 0 -24"><span class='ocrx_word' id='word_1_96' title='bbox 377 3264 472 3327; x_wconf 85' lang='lat' dir='ltr'><strong>Haud</strong></span> <span class='ocrx_word' id='word_1_97' title='bbox 493 3281 582 3327; x_wconf 83' lang='lat' dir='ltr'><strong>curat</strong></span> <span class='ocrx_word' id='word_1_98' title='bbox 601 3268 767 3351; x_wconf 75' lang='lat' dir='ltr'><strong>utriusque</strong></span> <span class='ocrx_word' id='word_1_99' title='bbox 785 3268 906 3331; x_wconf 76' lang='lat' dir='ltr'><strong>victor:</strong></span> 
     </span>
    </p>

    <p class='ocr_par' dir='ltr' id='par_1_8' title="bbox 420 3364 935 3433">
     <span class='ocr_line' id='line_1_25' title="bbox 420 3364 935 3433; baseline 0 -8"><span class='ocrx_word' id='word_1_100' title='bbox 420 3367 560 3425; x_wconf 76' lang='lat' dir='ltr'><strong>Ferreus</strong></span> <span class='ocrx_word' id='word_1_101' title='bbox 579 3365 613 3427; x_wconf 88' lang='lat' dir='ltr'><strong>in</strong></span> <span class='ocrx_word' id='word_1_102' title='bbox 633 3366 766 3429; x_wconf 78' lang='lat' dir='ltr'><strong>vitream</strong></span> <span class='ocrx_word' id='word_1_103' title='bbox 792 3364 935 3433; x_wconf 83' lang='lat' dir='ltr'><strong>cadeudo</strong></span> 
     </span>
    </p>
   </div>
   <div class='ocr_carea' id='block_1_8' title="bbox 0 0 1333 4284">
    <p class='ocr_par' dir='ltr' id='par_1_9' title="bbox 0 0 1333 4284">
     <span class='ocr_line' id='line_1_26' title="bbox 0 0 1333 4284; baseline 0 0"><span class='ocrx_word' id='word_1_104' title='bbox 0 0 1333 4284; x_wconf 95' lang='lat' dir='ltr'><strong> </strong></span> 
     </span>
    </p>
   </div>
  </div>
 </body>
</html>
