2600 4284
382 478 556 549 Lyricorum
574 474 636 529 Lib.
654 478 690 531 11.
708 482 750 531 tl.
968 478 1027 543 177

279 712 339 776 Au
361 714 562 789 virginem
582 712 657 773 Del
677 712 851 777 Matrem

166 844 211 903 Pro
223 853 356 905 Streniae.
374 854 512 917 Principe
526 852 708 903 lverdtnando
722 854 821 904 Maria
831 854 991 903 manciaco

166 922 264 985 lmtta
283 921 453 989 Wolsqanqe
466 922 776 1055 ἓῖίνὲῗὲὼΐῗεοτοήε
792 921 992 973 Maximillam

423 1124 548 1178 Carmen
573 1121 714 1182 votivum.
800 1152 804 1161 ·
834 1127 839 1135 ’

436 1254 469 1328 0
490 1268 521 1327 D
543 1266 572 1325 Ε
599 1266 711 1332 xmv.

196 1434 275 1514 Nam
295 1452 375 1537 quid
398 1453 528 1526 vetabit,
553 1472 616 1535 quo
636 1452 742 1512 minua
762 1449 897 1515 offeram

199 1553 265 1615 'ribi
285 1552 450 1637 puellum?
472 1556 545 1615 Non
567 1552 673 1616 adimo
696 1555 773 1616 suae

233 1655 343 1729 Matri,
368 1654 426 1715 sed
446 1654 606 1717 insontem
628 1654 737 1719 foveri

270 1756 441 1819 Praesidio
463 1756 610 1820 melioris
633 1772 720 1841 opto.

203 1947 332 2011 Admitte
351 1949 486 2033 pignus,
516 1954 620 2012 Mater
647 1950 801 2024 amabilia,
920 1942 924 1949 ’
1008 1957 1024 2007 5

201 2049 235 2109 Et
250 2049 354 2132 prima
380 2050 462 2112 vitae
482 2048 576 2113 flecte
600 2052 797 2135 crepuscula,

234 2153 272 2213 Ut
293 2148 355 2212 llos
377 2152 515 2214 tenellae
536 2152 616 2213 lueis
637 2153 724 2215 halet

274 2256 310 2314 ln
330 2254 457 2337 gremio
478 2252 656 2315 redolentis
678 2240 799 2322 Horae

202 2448 314 2532 'fuique
336 2447 411 2509 Nati
431 2446 519 2511 ludat
542 2448 690 2533 imagine.

203 2548 273 2609 Tum
295 2564 422 2611 creseat
443 2570 502 2611 ora
523 2565 555 2612 et
575 2551 684 2613 fronte
705 2548 874 2627 meridies,¹
991 2570 1023 2620 10

238 2652 410 2733 Venaeque
433 2650 567 2732 spiranti
590 2671 705 2715 sereno

271 2752 380 2837 ¹Dulce
401 2764 540 2813 tremant
561 2754 707 2837 seniique
729 2776 847 2837 vesper

204 2928 299 2990 Perae
321 2928 439 3011 quietis
460 2929 617 3012 provehat
637 2930 710 2993 otia.

206 3028 261 3090 Cer
282 3043 352 3091 urat
373 3044 484 3106 aestas,
512 3052 570 3095 ver
594 3031 742 3108 animum,
767 3054 864 3116 genas

239 3132 422 3209 Autumnus,
447 3132 631 3217 albentique
651 3134 762 3218 pingat
996 3135 1028 3187 ¹⁵

285 3234 473 3319 virgineam
495 3236 569 3301 nive
591 3235 703 3298 bruma
724 3250 874 3298 mentem.

630 3431 634 3441 ι

765 3530 796 3577 12
