2600 4284
388 523 562 593 Lyricorum
584 523 649 579 Lib.
669 529 691 578 Ι.
709 531 755 581 tt.

197 698 260 762 Non
280 703 484 784 poenitendo
506 701 620 762 nititur
640 699 763 779 impetu

197 802 234 861 Et
255 801 494 868 circumactum
515 800 664 864 Numinis
688 799 811 862 alveum

233 903 379 966 Micantc
399 920 512 967 natura
535 902 675 984 capessit

278 1005 439 1067 Siderous
463 1006 582 1067 imitato
605 1017 734 1065 tractus.

198 1184 311 1244 Mens
334 1183 480 1246 curiosas
502 1185 584 1246 lucis
605 1184 762 1267 imagines

196 1282 338 1346 Venator
360 1300 468 1346 extra:
496 1305 637 1368 quasque
662 1285 756 1367 capit,
779 1284 851 1344 sinu

239 1385 415 1469 Complexo
437 1386 615 1470 lustratque
644 1399 677 1448 et
700 1385 810 1470 quieto

279 1487 422 1550 interius
444 1486 565 1572 subigit
586 1509 715 1550 sereno.

198 1663 284 1726 Hinc
304 1680 337 1728 et
358 1666 490 1728 colores
510 1679 605 1748 atque
628 1667 771 1728 carentia

198 1765 312 1828 Colore
332 1770 435 1828 novit.
468 1768 565 1830 Novit
585 1782 619 1832 et
641 1769 704 1830 hoc
726 1791 817 1830 suum

236 1869 387 1950 Novisse,
420 1883 454 1930 et
475 1869 562 1931 istud
582 1890 677 1931 norae
696 1892 808 1932 rursus

279 1970 405 2033 Circuit
426 1989 463 2032 ac
482 1971 670 2033 meminisse
692 1970 818 2055 gaudet.

202 2146 339 2212 Currum
361 2146 516 2210 reductae
538 2148 625 2231 spira
650 2147 804 2211 scientiae

201 2247 225 2308 Δ
245 2247 357 2310 fronte
382 2249 489 2310 lumen
508 2249 629 2332 spargit
657 2263 688 2310 et
710 2249 842 2311 alterum

242 2349 395 2433 Fulgoris
417 2349 569 2432 expandit
590 2348 745 2412 theatrum

281 2453 395 2534 Terga
413 2466 507 2513 tuens
532 2449 742 2537 graditurque
763 2467 863 2527 retro,

200 2626 358 2688 Panthera
381 2628 493 2711 qualis,
517 2649 587 2692 curn
612 2632 734 2693 catulos
756 2650 856 2714 eques

202 2727 323 2812 Abegit
344 2745 447 2806 antro,
474 2751 509 2794 se
531 2745 614 2795 rotat
635 2730 761 2794 obviam

244 2831 394 2913 Vestigio
416 2831 591 2914 praedonis
611 2847 643 2894 et
663 2854 717 2895 ve-

287 2931 381 3016 stigia
403 2955 464 3016 per
488 2957 542 2996 sua
564 2934 624 2996 scit
646 2937 778 2999 reverti.

202 3110 264 3170 Hic
282 3109 340 3172 ille
363 3113 470 3196 magni
491 3112 705 3196 Cecropidum
725 3115 820 3197 sophi

204 3212 345 3274 Platonis
368 3214 466 3277 ambit
488 3215 627 3278 circulus
646 3216 771 3293 omuia3

243 3313 376 3397 Sagacis
399 3332 587 3398 exporrecta
610 3319 677 3379 Iani

288 3419 448 3498 Mensquo
470 3419 583 3502 biceps
601 3421 790 3502 animusque
812 3417 955 3488 bifrons,
1003 3440 1036 3488 40
