2600 4284
251 482 316 555 320
563 477 667 535 „lucebi
686 478 775 535 estes

294 653 448 739 Fuginam
470 653 575 715 nullus
597 652 661 715 sibi
682 654 778 717 sumit
799 676 924 719 ensem:

291 759 410 820 Plenus
431 770 598 819 suetumno
616 755 740 840 rapitur
760 757 953 841 smaragdus.

291 858 442 943 Cyprium
463 858 600 944 gemmis
618 856 744 921 bibitur
765 878 909 935 merum·
924 880 1013 944 gem.

544 980 679 1044 mseque
702 959 865 1024 bibuntur.
1096 970 1155 1023 teo

291 1059 396 1123 Altius
417 1062 511 1126 tectis
531 1061 645 1146 pumili
667 1064 829 1128 Laeonum

290 1166 432 1225 Marmor
453 1164 616 1242 attollunt3
642 1163 731 1226 lacus
751 1165 784 1227 in
807 1162 906 1227 cubili

259 1276 264 1281 “
289 1263 403 1332 Vitreo
424 1263 524 1328 sumet
541 1265 738 1350 volitantque
760 1288 856 1349 supro

543 1366 688 1429 Culmiee
710 1368 818 1431 silvae.

289 1465 402 1530 Caedit
420 1468 520 1531 iratus
539 1488 628 1533 mm
650 1488 711 1531 rex
730 1464 883 1553 flagellis:
1088 1463 1148 1515 1⁴¹5

290 1570 416 1654 Terque
436 1570 543 1635 urenti
565 1592 620 1633 sun
640 1571 704 1634 tels
726 1570 797 1642 soli,

288 1670 385 1733 Aeoli
406 1671 516 1755 buoois
542 1671 711 1754 colaphum
732 1673 871 1736 minetur

540 1775 583 1835 Et
602 1772 685 1834 mihi
706 1770 833 1837 fustem.

287 1871 361 1969 Quo
384 1874 463 1953 ruis,
484 1892 747 1957 contempnens,
774 1897 795 1937 o
817 1876 932 1959 pusille

285 1975 399 2038 Portio
420 1976 557 2041 terroe?
577 1975 639 2037 tibi
661 1974 708 2037 sie
730 1976 825 2061 origo
1085 1982 1138 2037 150

285 2075 413 2140 Excidit
429 2091 538 2154 testae,
562 2077 645 2140 einis
667 2092 700 2141 et
720 2077 829 2143 saville
850 2093 883 2143 et

536 2183 658 2247 Ventus
679 2192 712 2242 et
731 2179 832 2241 sune?

284 2281 359 2342 Heu
380 2301 493 2365 pssum
514 2297 582 2346 tuto
602 2280 710 2345 vetitis
730 2278 883 2343 inhaeres

284 2386 401 2465 Meque
421 2384 611 2458 contemnis,
634 2383 793 2445 meleteus
822 2383 944 2465 proles!

285 2485 350 2547 Cur
369 2482 410 2548 sd
432 2504 580 2549 oceasum
601 2502 760 2569 properas
781 2482 820 2545 eb
843 2497 916 2547 ortu
1082 2494 1132 2547 155

539 2590 643 2649 Matre
665 2583 802 2649 relicta?
933 2612 936 2621 =

285 2692 403 2753 Testor
424 2708 616 2775 sequentem
638 2686 777 2751 Themin
799 2700 831 2749 et
852 2699 1042 2770 sequentem

287 2790 417 2854 Crimen
440 2814 457 2854 e
477 2806 571 2876 tergo
588 2789 759 2853 Nemesim
789 2787 941 2866 Dolebis3

283 2896 350 2955 Has
370 2894 448 2957 time
470 2892 567 2957 iustus
585 2909 809 2975 memoresque
830 2886 920 2951 fandi

539 2995 646 3078 Atque
668 2989 811 3055 nefandi.
1081 2996 1130 3049 1110

284 3096 376 3161 Haeo
398 3097 455 3161 ubi
475 3110 563 3161 meto
582 3095 655 3157 Des
675 3091 740 3157 sete
762 3092 847 3167 luco,

282 3196 401 3260 Tristis
423 3198 455 3261 in
479 3218 551 3261 sete
572 3195 701 3280 penitus
723 3192 868 3259 recessit.

285 3300 346 3360 Ast
367 3318 475 3363 meum
496 3296 585 3361 eneis
606 3295 734 3381 rigidus
756 3307 850 3379 ceput
870 3292 933 3358 eis·-

536 3399 697 3463 eumstetit
717 3398 848 3463 horren.
