2600 4284
413 522 588 601 Lyricorum
605 533 671 590 Lib.
687 536 722 589 Π.
739 541 782 592 tr.
986 544 1045 615 181

204 696 265 759 tam
286 700 400 783 regale
413 705 572 785 palatium
595 720 653 769 est

240 802 338 895 Quae
360 818 468 867 natura
491 807 586 889 parit,
612 807 720 871 funeta
740 809 906 893 recolligit
1008 824 1041 877 1⁰

197 900 369 963 Communi
390 906 538 987 gremio,
561 928 666 991 neque

238 1003 425 1087 Distinguit
445 1006 574 1069 cineres
594 1020 681 1071 terra
703 1011 926 1081 novissimos·

202 1106 335 1167 Trnnoo
357 1126 417 1167 sex
440 1106 577 1187 spatium
596 1110 715 1191 pedum
736 1128 769 1175 et

238 1206 363 1290 Cippus
385 1229 460 1269 eum
482 1206 609 1270 modico
632 1212 753 1293 cespite
776 1214 922 1295 situatis,

197 1302 320 1366 Luxum
342 1320 471 1369 caetera
493 1308 667 1371 barbarum
910 1361 915 1367 .
1007 1326 1038 1380 15

240 1406 376 1488 spirant
399 1423 432 1469 et
452 1409 570 1473 nimiae
591 1411 694 1475 frusta
715 1415 860 1481 ferociae

201 1504 402 1591 indignantia
420 1509 542 1572 ferreis

240 1608 393 1673 Fatorum
414 1610 540 1672 tabulis.
587 1613 674 1713 Quid
696 1618 798 1702 magis
818 1620 945 1703 aspides

201 1704 242 1785 Et
261 1711 389 1797 longam
409 1714 519 1795 cupidi
539 1714 659 1779 famem
960 1718 964 1725 ’

240 1814 359 1876 Invitet
381 1815 526 1890 colubri,
555 1838 649 1901 quam
671 1823 900 1904 capulotenus
1000 1840 1034 1892 20

198 1910 293 1975 Uncta
308 1929 341 1977 et
361 1916 426 1978 lota
449 1915 624 1981 cadavera?
681 1952 684 1958 ¹

234 2016 430 2100 Costumque
446 2032 479 2080 et
492 2020 608 2081 casiam
621 2022 893 2092 etmalobatbrnm
899 2030 998 2112 Syrus

200 2118 352 2179 Membris
375 2118 511 2183 imbibat
532 2120 691 2197 omuibus,

139 2228 144 2239 ·
231 2220 490 2305 Pollinctumque
512 2244 608 2308 super
629 2223 778 2289 funebris
800 2229 889 2293 India

197 2318 299 2379 Plenis
316 2322 498 2404 sumptibus
520 2322 645 2387 ardeatt
892 2321 895 2329 ¹
994 2350 1026 2402 25
1132 2348 1138 2359 “

229 2421 262 2497 Si
283 2443 352 2484 non
375 2437 409 2485 et
428 2425 534 2509 pretio
557 2424 641 2489 fama
661 2426 786 2512 fragret
809 2454 877 2509 suo,

195 2522 321 2585 Frustra
344 2526 468 2607 spargit
489 2547 686 2606 amaracum3

229 2624 382 2688 Foetebit
402 2626 461 2687 sub
484 2626 581 2690 humo
601 2630 717 2692 tetrius
738 2631 851 2696 insulis

192 2723 414 2789 Eiectantibus
432 2740 538 2789 ostrea
561 2742 593 2789 et

227 2827 369 2910 Neptuni
391 2828 543 2891 vomitum
559 2834 665 2914 putris
687 2834 899 2919 obsequere.
944 2912 948 2921 Ι
989 2854 1023 2912 00

192 2928 302 2993 Nasum
324 2928 468 2991 cinnama
488 2952 554 2995 non
574 2948 705 3001 movent

230 3031 264 3089 ln
282 3030 388 3093 Sullae
409 3034 537 3097 oin'eres
559 3036 639 3099 iacta
660 3058 723 3100 nee
744 3038 885 3108 efferunt

195 3128 354 3194 ,Crudeleis
374 3132 495 3201 animas
515 3158 606 3221 rogo.
885 3196 888 3205 .
977 3190 982 3211 .

232 3232 355 3315 Pauper
379 3234 564 3313 Fabricius,
591 3261 687 3325 quem
705 3244 820 3325 populi
838 3245 938 3314 favor.

197 3332 412 3418 depectere
436 3337 596 3414 condidit,
832 3399 835 3407 ,
984 3364 1018 3416 05

233 3436 271 3498 Et
289 3440 408 3500 Brutus
431 3438 542 3503 Deciis
564 3441 691 3505 additus
713 3459 746 3507 et
766 3449 844 3510 Cato
893 3491 895 3493 -
