<?xml version="1.0" encoding="UTF-8"?>
<!DOCTYPE html PUBLIC "-//W3C//DTD XHTML 1.0 Transitional//EN"
    "http://www.w3.org/TR/xhtml1/DTD/xhtml1-transitional.dtd">
<html xmlns="http://www.w3.org/1999/xhtml" xml:lang="en" lang="en">
 <head>
  <title>
</title>
<meta http-equiv="Content-Type" content="text/html;charset=utf-8" />
  <meta name='ocr-system' content='tesseract 3.04.00' />
  <meta name='ocr-capabilities' content='ocr_page ocr_carea ocr_par ocr_line ocrx_word'/>
</head>
<body>
  <div class='ocr_page' id='page_1' title='image "./jacobibaldecarm00mlgoog_0078.png"; bbox 0 0 2600 4284; ppageno 0'>
   <div class='ocr_carea' id='block_1_1' title="bbox 265 532 779 612">
    <p class='ocr_par' dir='ltr' id='par_1_1' title="bbox 265 532 779 612">
     <span class='ocr_line' id='line_1_1' title="bbox 265 532 779 612; baseline -0.014 -17"><span class='ocrx_word' id='word_1_1' title='bbox 265 543 306 612; x_wconf 79' lang='grc'><strong>54</strong></span> <span class='ocrx_word' id='word_1_2' title='bbox 570 534 672 592; x_wconf 75' lang='lat' dir='ltr'><strong>iacobi</strong></span> <span class='ocrx_word' id='word_1_3' title='bbox 689 532 779 589; x_wconf 86' lang='lat' dir='ltr'><strong>Baldo</strong></span> 
     </span>
    </p>
   </div>
   <div class='ocr_carea' id='block_1_2' title="bbox 304 706 993 1094">
    <p class='ocr_par' dir='ltr' id='par_1_2' title="bbox 304 706 993 907">
     <span class='ocr_line' id='line_1_2' title="bbox 304 706 893 789; baseline -0.01 -15"><span class='ocrx_word' id='word_1_4' title='bbox 304 708 370 774; x_wconf 84' lang='lat' dir='ltr'><strong>Sed</strong></span> <span class='ocrx_word' id='word_1_5' title='bbox 391 708 484 773; x_wconf 90' lang='lat' dir='ltr'><strong>stulta</strong></span> <span class='ocrx_word' id='word_1_6' title='bbox 504 707 628 771; x_wconf 79' lang='lat' dir='ltr'><strong>formae</strong></span> <span class='ocrx_word' id='word_1_7' title='bbox 650 706 744 789; x_wconf 86' lang='lat' dir='ltr'><strong>eopia</strong></span> <span class='ocrx_word' id='word_1_8' title='bbox 765 719 893 768; x_wconf 89' lang='lat' dir='ltr'><strong>mutuae</strong></span> 
     </span>
     <span class='ocr_line' id='line_1_3' title="bbox 305 806 993 907; baseline -0.007 -32"><span class='ocrx_word' id='word_1_9' title='bbox 305 809 393 907; x_wconf 81' lang='lat' dir='ltr'><strong>Quid</strong></span> <span class='ocrx_word' id='word_1_10' title='bbox 412 822 543 894; x_wconf 87' lang='lat' dir='ltr'><strong>praeter</strong></span> <span class='ocrx_word' id='word_1_11' title='bbox 563 807 692 871; x_wconf 82' lang='lat' dir='ltr'><strong>umbrae</strong></span> <span class='ocrx_word' id='word_1_12' title='bbox 715 806 851 890; x_wconf 76' lang='lat' dir='ltr'>gignere</span> <span class='ocrx_word' id='word_1_13' title='bbox 871 821 993 870; x_wconf 83' lang='lat' dir='ltr'><strong>mutuae</strong></span> 
     </span>
    </p>

    <p class='ocr_par' dir='ltr' id='par_1_3' title="bbox 344 905 879 994">
     <span class='ocr_line' id='line_1_4' title="bbox 344 905 879 994; baseline -0.013 -18"><span class='ocrx_word' id='word_1_14' title='bbox 344 909 477 976; x_wconf 82' lang='lat' dir='ltr'><strong>Posset?</strong></span> <span class='ocrx_word' id='word_1_15' title='bbox 498 908 576 994; x_wconf 89' lang='lat' dir='ltr'><strong>quid</strong></span> <span class='ocrx_word' id='word_1_16' title='bbox 596 907 684 992; x_wconf 87' lang='lat' dir='ltr'><strong>lphis</strong></span> <span class='ocrx_word' id='word_1_17' title='bbox 706 929 747 971; x_wconf 84' lang='lat' dir='ltr'><strong>ex</strong></span> <span class='ocrx_word' id='word_1_18' title='bbox 770 905 879 970; x_wconf 80' lang='lat' dir='ltr'><strong>Ianthe</strong></span> 
     </span>
    </p>

    <p class='ocr_par' dir='ltr' id='par_1_4' title="bbox 385 1007 876 1094">
     <span class='ocr_line' id='line_1_5' title="bbox 385 1007 876 1094; baseline -0.01 -20"><span class='ocrx_word' id='word_1_19' title='bbox 385 1013 487 1093; x_wconf 81' lang='lat' dir='ltr'><strong>Nupta</strong></span> <span class='ocrx_word' id='word_1_20' title='bbox 508 1030 563 1073; x_wconf 80' lang='lat' dir='ltr'><strong>sua</strong></span> <span class='ocrx_word' id='word_1_21' title='bbox 584 1009 753 1094; x_wconf 78' lang='lat' dir='ltr'><strong>generavit</strong></span> <span class='ocrx_word' id='word_1_22' title='bbox 773 1007 876 1072; x_wconf 78' lang='lat' dir='ltr'><strong>olim?</strong></span> 
     </span>
    </p>
   </div>
   <div class='ocr_carea' id='block_1_3' title="bbox 301 1187 965 1574">
    <p class='ocr_par' dir='ltr' id='par_1_5' title="bbox 301 1187 965 1574">
     <span class='ocr_line' id='line_1_6' title="bbox 304 1187 940 1274; baseline -0.009 -21"><span class='ocrx_word' id='word_1_23' title='bbox 304 1191 470 1274; x_wconf 82' lang='lat' dir='ltr'><strong>Utcunque</strong></span> <span class='ocrx_word' id='word_1_24' title='bbox 493 1188 563 1264; x_wconf 88' lang='lat' dir='ltr'><strong>soli,</strong></span> <span class='ocrx_word' id='word_1_25' title='bbox 590 1187 717 1264; x_wconf 73' lang='lat' dir='ltr'><strong>Paullo,</strong></span> <span class='ocrx_word' id='word_1_26' title='bbox 737 1187 799 1252; x_wconf 84' lang='lat' dir='ltr'><strong>tibi</strong></span> <span class='ocrx_word' id='word_1_27' title='bbox 818 1187 940 1270; x_wconf 82' lang='lat' dir='ltr'><strong>places,</strong></span> 
     </span>
     <span class='ocr_line' id='line_1_7' title="bbox 301 1286 965 1363; baseline -0.009 -11"><span class='ocrx_word' id='word_1_28' title='bbox 301 1289 398 1352; x_wconf 81' lang='lat' dir='ltr'><strong>Amas</strong></span> <span class='ocrx_word' id='word_1_29' title='bbox 420 1303 585 1363; x_wconf 85' lang='lat' dir='ltr'><strong>amantem,</strong></span> <span class='ocrx_word' id='word_1_30' title='bbox 606 1309 674 1350; x_wconf 88' lang='lat' dir='ltr'><strong>non</strong></span> <span class='ocrx_word' id='word_1_31' title='bbox 694 1303 801 1351; x_wconf 86' lang='lat' dir='ltr'><strong>tamen</strong></span> <span class='ocrx_word' id='word_1_32' title='bbox 822 1286 965 1350; x_wconf 87' lang='lat' dir='ltr'><strong>alterum.</strong></span> 
     </span>
     <span class='ocr_line' id='line_1_8' title="bbox 343 1389 861 1476; baseline -0.006 -24"><span class='ocrx_word' id='word_1_33' title='bbox 343 1391 466 1454; x_wconf 87' lang='lat' dir='ltr'><strong>Errore</strong></span> <span class='ocrx_word' id='word_1_34' title='bbox 488 1410 581 1476; x_wconf 87' lang='lat' dir='ltr'><strong>quam</strong></span> <span class='ocrx_word' id='word_1_35' title='bbox 602 1402 692 1474; x_wconf 80' lang='lat' dir='ltr'><strong>grato</strong></span> <span class='ocrx_word' id='word_1_36' title='bbox 715 1389 861 1451; x_wconf 83' lang='lat' dir='ltr'><strong>iuventae</strong></span> 
     </span>
     <span class='ocr_line' id='line_1_9' title="bbox 383 1485 901 1574; baseline -0.014 -20"><span class='ocrx_word' id='word_1_37' title='bbox 383 1494 461 1554; x_wconf 90' lang='lat' dir='ltr'><strong>Tam</strong></span> <span class='ocrx_word' id='word_1_38' title='bbox 482 1489 585 1552; x_wconf 87' lang='lat' dir='ltr'><strong>sterili</strong></span> <span class='ocrx_word' id='word_1_39' title='bbox 603 1508 768 1574; x_wconf 78' lang='lat' dir='ltr'><strong>vacuoque</strong></span> <span class='ocrx_word' id='word_1_40' title='bbox 787 1485 901 1551; x_wconf 85' lang='lat' dir='ltr'><strong>laudis.</strong></span> 
     </span>
    </p>
   </div>
   <div class='ocr_carea' id='block_1_4' title="bbox 304 1665 955 2053">
    <p class='ocr_par' dir='ltr' id='par_1_6' title="bbox 304 1665 944 1752">
     <span class='ocr_line' id='line_1_10' title="bbox 304 1665 944 1752; baseline -0.006 -20"><span class='ocrx_word' id='word_1_41' title='bbox 304 1669 396 1732; x_wconf 91' lang='lat' dir='ltr'><strong>Proli</strong></span> <span class='ocrx_word' id='word_1_42' title='bbox 420 1665 578 1731; x_wconf 78' lang='lat' dir='ltr'><strong>creandae</strong></span> <span class='ocrx_word' id='word_1_43' title='bbox 600 1668 664 1729; x_wconf 89' lang='lat' dir='ltr'><strong>sint</strong></span> <span class='ocrx_word' id='word_1_44' title='bbox 684 1667 748 1732; x_wconf 90' lang='lat' dir='ltr'><strong>duo</strong></span> <span class='ocrx_word' id='word_1_45' title='bbox 770 1668 944 1752; x_wconf 81' lang='lat' dir='ltr'><strong>coniuges3</strong></span> 
     </span>
    </p>

    <p class='ocr_par' dir='ltr' id='par_1_7' title="bbox 305 1766 955 2053">
     <span class='ocr_line' id='line_1_11' title="bbox 305 1766 955 1854; baseline -0.005 -19"><span class='ocrx_word' id='word_1_46' title='bbox 305 1773 423 1835; x_wconf 84' lang='lat' dir='ltr'>Sexum</span> <span class='ocrx_word' id='word_1_47' title='bbox 444 1767 585 1854; x_wconf 81' lang='lat' dir='ltr'><strong>requirit</strong></span> <span class='ocrx_word' id='word_1_48' title='bbox 605 1789 671 1829; x_wconf 85' lang='lat' dir='ltr'><strong>maa</strong></span> <span class='ocrx_word' id='word_1_49' title='bbox 692 1769 756 1832; x_wconf 89' lang='lat' dir='ltr'><strong>sibi</strong></span> <span class='ocrx_word' id='word_1_50' title='bbox 778 1766 955 1853; x_wconf 82' lang='lat' dir='ltr'><strong>disparem.</strong></span> 
     </span>
     <span class='ocr_line' id='line_1_12' title="bbox 345 1869 861 1953; baseline -0.004 -22"><span class='ocrx_word' id='word_1_51' title='bbox 345 1872 393 1933; x_wconf 87' lang='lat' dir='ltr'><strong>Ne</strong></span> <span class='ocrx_word' id='word_1_52' title='bbox 412 1870 526 1953; x_wconf 85' lang='lat' dir='ltr'><strong>pulcer</strong></span> <span class='ocrx_word' id='word_1_53' title='bbox 546 1869 710 1932; x_wconf 85' lang='lat' dir='ltr'><strong>eunuchus</strong></span> <span class='ocrx_word' id='word_1_54' title='bbox 732 1889 861 1942; x_wconf 81' lang='lat' dir='ltr'><strong>vocare,</strong></span> 
     </span>
     <span class='ocr_line' id='line_1_13' title="bbox 392 1967 858 2053; baseline -0.004 -21"><span class='ocrx_word' id='word_1_55' title='bbox 392 1967 559 2032; x_wconf 74' lang='lat' dir='ltr'><strong>sideream</strong></span> <span class='ocrx_word' id='word_1_56' title='bbox 577 1970 721 2053; x_wconf 86' lang='lat' dir='ltr'><strong>paritura</strong></span> <span class='ocrx_word' id='word_1_57' title='bbox 743 1967 858 2032; x_wconf 83' lang='lat' dir='ltr'><strong>famam</strong></span> 
     </span>
    </p>
   </div>
   <div class='ocr_carea' id='block_1_5' title="bbox 305 2145 960 2514">
    <p class='ocr_par' dir='ltr' id='par_1_8' title="bbox 305 2145 960 2514">
     <span class='ocr_line' id='line_1_14' title="bbox 305 2145 960 2216; baseline -0.009 -5"><span class='ocrx_word' id='word_1_58' title='bbox 305 2145 458 2211; x_wconf 80' lang='lat' dir='ltr'><strong>Ducenda</strong></span> <span class='ocrx_word' id='word_1_59' title='bbox 482 2145 610 2216; x_wconf 84' lang='lat' dir='ltr'><strong>Virtus:</strong></span> <span class='ocrx_word' id='word_1_60' title='bbox 633 2147 710 2210; x_wconf 83' lang='lat' dir='ltr'><strong>huic</strong></span> <span class='ocrx_word' id='word_1_61' title='bbox 731 2146 865 2208; x_wconf 85' lang='lat' dir='ltr'><strong>thalamo</strong></span> <span class='ocrx_word' id='word_1_62' title='bbox 887 2159 960 2207; x_wconf 82' lang='lat' dir='ltr'><strong>tuos</strong></span> 
     </span>
     <span class='ocr_line' id='line_1_15' title="bbox 306 2244 918 2330; baseline -0.013 -17"><span class='ocrx_word' id='word_1_63' title='bbox 306 2248 474 2313; x_wconf 86' lang='lat' dir='ltr'><strong>Committe</strong></span> <span class='ocrx_word' id='word_1_64' title='bbox 495 2248 598 2313; x_wconf 84' lang='lat' dir='ltr'><strong>vultus</strong></span> <span class='ocrx_word' id='word_1_65' title='bbox 604 2272 614 2330; x_wconf 87' lang='lat'>3</span> <span class='ocrx_word' id='word_1_66' title='bbox 639 2247 734 2310; x_wconf 83' lang='lat' dir='ltr'><strong>haim</strong></span> <span class='ocrx_word' id='word_1_67' title='bbox 756 2246 791 2307; x_wconf 91' lang='lat' dir='ltr'><strong>in</strong></span> <span class='ocrx_word' id='word_1_68' title='bbox 812 2244 918 2309; x_wconf 86' lang='lat' dir='ltr'><strong>aureis</strong></span> 
     </span>
     <span class='ocr_line' id='line_1_16' title="bbox 345 2347 814 2435; baseline -0.019 -19"><span class='ocrx_word' id='word_1_69' title='bbox 345 2348 493 2435; x_wconf 87' lang='lat' dir='ltr'><strong>Optanda</strong></span> <span class='ocrx_word' id='word_1_70' title='bbox 514 2362 664 2411; x_wconf 86' lang='lat' dir='ltr'><strong>nascetur</strong></span> <span class='ocrx_word' id='word_1_71' title='bbox 684 2347 814 2411; x_wconf 84' lang='lat' dir='ltr'><strong>lacertis</strong></span> 
     </span>
     <span class='ocr_line' id='line_1_17' title="bbox 387 2447 891 2514; baseline -0.006 0"><span class='ocrx_word' id='word_1_72' title='bbox 387 2449 500 2514; x_wconf 83' lang='lat' dir='ltr'><strong>Gloria</strong></span> <span class='ocrx_word' id='word_1_73' title='bbox 522 2462 555 2512; x_wconf 90' lang='lat' dir='ltr'><strong>et</strong></span> <span class='ocrx_word' id='word_1_74' title='bbox 574 2447 741 2512; x_wconf 84' lang='lat' dir='ltr'><strong>indubiam</strong></span> <span class='ocrx_word' id='word_1_75' title='bbox 763 2463 891 2511; x_wconf 85' lang='lat' dir='ltr'><strong>secutus</strong></span> 
     </span>
    </p>
   </div>
   <div class='ocr_carea' id='block_1_6' title="bbox 303 2627 921 3020">
    <p class='ocr_par' dir='ltr' id='par_1_9' title="bbox 303 2627 921 3020">
     <span class='ocr_line' id='line_1_18' title="bbox 303 2627 894 2708; baseline 0.007 -18"><span class='ocrx_word' id='word_1_76' title='bbox 303 2631 419 2691; x_wconf 88' lang='lat' dir='ltr'><strong>Honor</strong></span> <span class='ocrx_word' id='word_1_77' title='bbox 440 2647 598 2708; x_wconf 81' lang='lat' dir='ltr'><strong>sororem3</strong></span> <span class='ocrx_word' id='word_1_78' title='bbox 622 2643 698 2692; x_wconf 89' lang='lat' dir='ltr'><strong>tuno</strong></span> <span class='ocrx_word' id='word_1_79' title='bbox 718 2627 800 2693; x_wconf 89' lang='lat' dir='ltr'><strong>adeo</strong></span> <span class='ocrx_word' id='word_1_80' title='bbox 820 2651 894 2694; x_wconf 92' lang='lat' dir='ltr'><strong>meo</strong></span> 
     </span>
     <span class='ocr_line' id='line_1_19' title="bbox 305 2727 897 2805; baseline 0.008 -17"><span class='ocrx_word' id='word_1_81' title='bbox 305 2727 428 2789; x_wconf 87' lang='lat' dir='ltr'><strong>Dicere</strong></span> <span class='ocrx_word' id='word_1_82' title='bbox 451 2747 549 2791; x_wconf 80' lang='lat' dir='ltr'><strong>versu</strong></span> <span class='ocrx_word' id='word_1_83' title='bbox 570 2729 711 2805; x_wconf 89' lang='lat' dir='ltr'><strong>nobilis,</strong></span> <span class='ocrx_word' id='word_1_84' title='bbox 734 2745 767 2794; x_wconf 87' lang='lat' dir='ltr'><strong>et</strong></span> <span class='ocrx_word' id='word_1_85' title='bbox 787 2753 897 2796; x_wconf 84' lang='lat' dir='ltr'><strong>canam</strong></span> 
     </span>
     <span class='ocr_line' id='line_1_20' title="bbox 347 2828 785 2905; baseline 0.011 -16"><span class='ocrx_word' id='word_1_86' title='bbox 347 2828 463 2891; x_wconf 84' lang='lat' dir='ltr'><strong>Fuisse</strong></span> <span class='ocrx_word' id='word_1_87' title='bbox 484 2831 573 2905; x_wconf 89' lang='lat' dir='ltr'><strong>tanti,</strong></span> <span class='ocrx_word' id='word_1_88' title='bbox 599 2853 664 2896; x_wconf 92' lang='lat' dir='ltr'><strong>non</strong></span> <span class='ocrx_word' id='word_1_89' title='bbox 682 2833 785 2896; x_wconf 82' lang='lat' dir='ltr'><strong>fuisse</strong></span> 
     </span>
     <span class='ocr_line' id='line_1_21' title="bbox 388 2930 921 3020; baseline 0.004 -29"><span class='ocrx_word' id='word_1_90' title='bbox 388 2930 592 3016; x_wconf 79' lang='lat' dir='ltr'><strong>Degenerem</strong></span> <span class='ocrx_word' id='word_1_91' title='bbox 615 2932 765 3020; x_wconf 82' lang='lat' dir='ltr'><strong>facieque</strong></span> <span class='ocrx_word' id='word_1_92' title='bbox 785 2947 921 3019; x_wconf 87' lang='lat' dir='ltr'><strong>turpem.</strong></span> 
     </span>
    </p>
   </div>
   <div class='ocr_carea' id='block_1_7' title="bbox 303 3104 1010 3495">
    <p class='ocr_par' dir='ltr' id='par_1_10' title="bbox 303 3104 1010 3495">
     <span class='ocr_line' id='line_1_22' title="bbox 308 3104 1010 3196; baseline 0.003 -30"><span class='ocrx_word' id='word_1_93' title='bbox 308 3104 450 3174; x_wconf 84' lang='lat' dir='ltr'><strong>Virtutis</strong></span> <span class='ocrx_word' id='word_1_94' title='bbox 472 3129 589 3194; x_wconf 81' lang='lat' dir='ltr'><strong>expers</strong></span> <span class='ocrx_word' id='word_1_95' title='bbox 609 3110 714 3176; x_wconf 79' lang='lat' dir='ltr'><strong>forma</strong></span> <span class='ocrx_word' id='word_1_96' title='bbox 734 3110 814 3196; x_wconf 89' lang='lat' dir='ltr'><strong>quid</strong></span> <span class='ocrx_word' id='word_1_97' title='bbox 834 3106 1010 3193; x_wconf 74' lang='lat' dir='ltr'><strong>impetrat?</strong></span> 
     </span>
     <span class='ocr_line' id='line_1_23' title="bbox 303 3207 968 3303; baseline 0.006 -35"><span class='ocrx_word' id='word_1_98' title='bbox 303 3207 377 3303; x_wconf 76' lang='lat' dir='ltr'><strong>Qua</strong></span> <span class='ocrx_word' id='word_1_99' title='bbox 402 3229 460 3292; x_wconf 89' lang='lat' dir='ltr'><strong>spe</strong></span> <span class='ocrx_word' id='word_1_100' title='bbox 483 3211 628 3294; x_wconf 90' lang='lat' dir='ltr'><strong>superbit</strong></span> <span class='ocrx_word' id='word_1_101' title='bbox 645 3228 720 3297; x_wconf 90' lang='lat' dir='ltr'><strong>post</strong></span> <span class='ocrx_word' id='word_1_102' title='bbox 739 3213 842 3275; x_wconf 77' lang='lat' dir='ltr'><strong>breve</strong></span> <span class='ocrx_word' id='word_1_103' title='bbox 864 3210 968 3272; x_wconf 89' lang='lat' dir='ltr'><strong>lilium</strong></span> 
     </span>
     <span class='ocr_line' id='line_1_24' title="bbox 348 3309 821 3398; baseline 0.011 -27"><span class='ocrx_word' id='word_1_104' title='bbox 348 3309 463 3371; x_wconf 87' lang='lat' dir='ltr'><strong>Perire</strong></span> <span class='ocrx_word' id='word_1_105' title='bbox 486 3312 538 3374; x_wconf 84' lang='lat' dir='ltr'><strong>vel</strong></span> <span class='ocrx_word' id='word_1_106' title='bbox 560 3313 714 3398; x_wconf 82' lang='lat' dir='ltr'><strong>languere</strong></span> <span class='ocrx_word' id='word_1_107' title='bbox 736 3314 821 3376; x_wconf 80' lang='lat' dir='ltr'><strong>iussa</strong></span> 
     </span>
     <span class='ocr_line' id='line_1_25' title="bbox 389 3409 976 3495; baseline 0.003 -23"><span class='ocrx_word' id='word_1_108' title='bbox 389 3409 494 3473; x_wconf 83' lang='lat' dir='ltr'><strong>Triste</strong></span> <span class='ocrx_word' id='word_1_109' title='bbox 516 3411 623 3493; x_wconf 80' lang='lat' dir='ltr'><strong>gravis</strong></span> <span class='ocrx_word' id='word_1_110' title='bbox 645 3414 783 3495; x_wconf 85' lang='lat' dir='ltr'><strong>spolium</strong></span> <span class='ocrx_word' id='word_1_111' title='bbox 805 3412 976 3476; x_wconf 79' lang='lat' dir='ltr'><strong>senectae?</strong></span> 
     </span>
    </p>
   </div>
   <div class='ocr_carea' id='block_1_8' title="bbox 0 0 1304 4284">
    <p class='ocr_par' dir='ltr' id='par_1_11' title="bbox 0 0 1304 4284">
     <span class='ocr_line' id='line_1_26' title="bbox 0 0 1304 4284; baseline 0 0"><span class='ocrx_word' id='word_1_112' title='bbox 0 0 1304 4284; x_wconf 95' lang='lat' dir='ltr'><strong> </strong></span> 
     </span>
    </p>
   </div>
  </div>
 </body>
</html>
