2600 4284
401 511 576 581 Lyricorum
592 510 658 567 ιιι.
675 514 720 567 ιιι.
742 521 785 572 oo.
979 517 1042 587 269

218 683 305 743 Fortu
323 698 383 742 nec
405 678 610 742 tolerabili·
684 700 688 707 ·

255 780 335 843 Idem
358 778 541 863 degeneres
562 781 629 842 oris
651 794 685 843 et
703 781 830 846 horridi

219 882 317 965 Guipie
337 881 489 945 mollibus
500 880 638 943 arduom

255 984 410 1049 Virtutem
430 997 592 1058 resonant,
614 983 672 1055 sed
686 983 781 1048 vitiis
803 949 938 1061 tumerit

217 1084 402 1146 irritarier
392 1083 481 1167 :gnei
502 1099 534 1153 ct
640 1106 642 1111 ·

250 1185 390 1268 Sopitam
412 1183 529 1247 sociem
551 1184 674 1271 fingere
697 1190 804 1259 collidi

215 1289 343 1349 Aetnam
365 1300 473 1348 mente
494 1305 650 1371 coquunt:
674 1290 768 1355 simul

251 1389 334 1448 Intra
356 1384 481 1449 tabifico
503 1389 569 1451 bile
590 1392 751 1474 nigrantia

214 1486 378 1553 Vindictae
402 1489 489 1549 canis
511 1506 666 1606 appetens
759 1513 761 1519 ·

252 1589 392 1649 Exercet
412 1588 536 1653 rabiem
556 1594 682 1663 viscera
708 1594 821 1665 Sirius.

216 1688 307 1763 Calvi,
330 1688 447 1762 cedite,
469 1692 590 1754 Stoici.

253 1793 323 1851 Non
346 1804 379 1851 et
401 1791 503 1875 Wigo
523 1814 612 1857 meus
633 1792 706 1855 taiic
725 1792 767 1853 ad,
785 1792 916 1867 cetheco
946 1827 951 1864 3

218 1890 344 1952 Fertur:
369 1911 430 1972 per
450 1894 585 1955 nebulae
608 1891 738 1977 globum
837 1918 841 1971 3
910 1890 939 1927 ·’

253 1994 336 2055 Pura
358 1993 432 2055 lucc
453 1994 563 2068 micat,
585 1994 669 2057 lenis
690 2010 723 2058 et
743 1992 856 2056 efficax

218 2092 254 2154 Et
271 2092 384 2157 verbis
404 2093 531 2174 placide
552 2110 702 2177 potens
963 2170 968 2178 st

255 2196 375 2259 Verum
393 2193 513 2276 grande
535 2212 661 2275 monct;
684 2194 802 2260 certius
824 2193 928 2278 arguit

217 2294 352 2354 Erroree
372 2296 593 2377 praeeuntium
699 2337 702 2344 »

253 2394 474 2479 Accenditque
495 2395 600 2459 facem
619 2419 705 2479 pone
720 2399 948 2483 sequentibus
1011 2403 1045 2454 40

220 2494 389 2557 Contentus
410 2496 517 2558 medio
537 2512 644 2561 tamen

253 2595 469 2680 Riparumque
491 2618 614 2661 memor
635 2620 764 2683 sempor
785 2613 818 2661 et
836 2601 918 2663 lcori

216 2695 276 2756 Nec
296 2718 408 2758 rerum
425 2698 541 2761 nimius
555 2697 627 2763 fluit

254 2800 319 2859 Nec
342 2797 441 2860 stillat
461 2799 605 2862 modicus
628 2822 689 2863 nec
709 2801 873 2893 volucrem
893 2804 968 2914 polo

218 2896 346 2961 Cursum
368 2899 480 2983 dirigit
501 2900 603 2963 altius.
1010 2907 1042 2959 45

254 3000 398 3075 Veros,
389 3000 502 3084 mquit‚
524 3024 591 3065 omo
613 3000 752 3079 divitior,
773 3002 837 3065 Dei

217 3100 302 3163 Meno
324 3102 461 3167 immone
484 3123 595 3185 capax,
623 3126 703 3187 opes

256 3205 302 3263 Te
324 3202 437 3287 dignas
458 3217 490 3265 ct
511 3223 560 3279 eo,
583 3206 673 3268 cuius
695 3205 868 3291 imaginem
966 3282 971 3291 ι

220 3300 277 3363 [ιιι
297 3302 382 3365 divis
401 3303 537 3387 propior
557 3306 656 3389 geris.

256 3404 318 3465 Cur
338 3404 436 3469 larvis
458 3404 585 3469 inhias?
607 3408 687 3490 quid
704 3410 820 3491 cupide
842 3434 920 3494 vago
1011 3421 1044 3470 5⁰
