<?xml version="1.0" encoding="UTF-8"?>
<!DOCTYPE html PUBLIC "-//W3C//DTD XHTML 1.0 Transitional//EN"
    "http://www.w3.org/TR/xhtml1/DTD/xhtml1-transitional.dtd">
<html xmlns="http://www.w3.org/1999/xhtml" xml:lang="en" lang="en">
 <head>
  <title>
</title>
<meta http-equiv="Content-Type" content="text/html;charset=utf-8" />
  <meta name='ocr-system' content='tesseract 3.04.00' />
  <meta name='ocr-capabilities' content='ocr_page ocr_carea ocr_par ocr_line ocrx_word'/>
</head>
<body>
  <div class='ocr_page' id='page_1' title='image "./jacobibaldecarm00mlgoog_0515.png"; bbox 0 0 2600 4284; ppageno 0'>
   <div class='ocr_carea' id='block_1_1' title="bbox 481 541 1010 615">
    <p class='ocr_par' dir='ltr' id='par_1_1' title="bbox 481 541 1010 615">
     <span class='ocr_line' id='line_1_1' title="bbox 481 541 1010 615; baseline -0.002 -17"><span class='ocrx_word' id='word_1_1' title='bbox 481 543 574 598; x_wconf 71' lang='lat' dir='ltr'><strong>Liber</strong></span> <span class='ocrx_word' id='word_1_2' title='bbox 587 542 712 615; x_wconf 79' lang='lat' dir='ltr'><strong>prinus.</strong></span> <span class='ocrx_word' id='word_1_3' title='bbox 968 541 1010 610; x_wconf 83' lang='lat'><strong>25</strong></span> 
     </span>
    </p>
   </div>
   <div class='ocr_carea' id='block_1_2' title="bbox 155 710 1012 3520">
    <p class='ocr_par' dir='ltr' id='par_1_2' title="bbox 155 710 1010 1130">
     <span class='ocr_line' id='line_1_2' title="bbox 155 710 1010 791; baseline -0.008 -18"><span class='ocrx_word' id='word_1_4' title='bbox 155 719 232 791; x_wconf 87' lang='lat' dir='ltr'><strong>poni</strong></span> <span class='ocrx_word' id='word_1_5' title='bbox 244 729 354 791; x_wconf 81' lang='lat' dir='ltr'><strong>posset,</strong></span> <span class='ocrx_word' id='word_1_6' title='bbox 372 715 550 781; x_wconf 72' lang='lat' dir='ltr'><strong>ludovicus,</strong></span> <span class='ocrx_word' id='word_1_7' title='bbox 568 713 675 779; x_wconf 80' lang='lat' dir='ltr'><strong>ledern,</strong></span> <span class='ocrx_word' id='word_1_8' title='bbox 692 713 797 788; x_wconf 89' lang='lat' dir='ltr'><strong>inquit,</strong></span> <span class='ocrx_word' id='word_1_9' title='bbox 816 713 863 768; x_wconf 79' lang='lat' dir='ltr'><strong>ein</strong></span> <span class='ocrx_word' id='word_1_10' title='bbox 881 710 926 777; x_wconf 83' lang='lat' dir='ltr'><strong>Ei,</strong></span> <span class='ocrx_word' id='word_1_11' title='bbox 944 710 1010 766; x_wconf 79' lang='lat' dir='ltr'><strong>deu</strong></span> 
     </span>
     <span class='ocr_line' id='line_1_3' title="bbox 157 795 1010 880; baseline -0.008 -23"><span class='ocrx_word' id='word_1_12' title='bbox 157 806 314 860; x_wconf 78' lang='lat' dir='ltr'><strong>fromnsen</strong></span> <span class='ocrx_word' id='word_1_13' title='bbox 338 805 602 876; x_wconf 78' lang='lat' dir='ltr'><strong>Selsweppermann</strong></span> <span class='ocrx_word' id='word_1_14' title='bbox 626 800 708 856; x_wconf 72' lang='lat' dir='ltr'><strong>susi.</strong></span> <span class='ocrx_word' id='word_1_15' title='bbox 746 803 829 880; x_wconf 75' lang='lat' dir='ltr'><strong>Quas</strong></span> <span class='ocrx_word' id='word_1_16' title='bbox 852 795 943 854; x_wconf 83' lang='lat' dir='ltr'><strong>verbs</strong></span> <span class='ocrx_word' id='word_1_17' title='bbox 966 811 1010 850; x_wconf 85' lang='lat' dir='ltr'><strong>se·</strong></span> 
     </span>
     <span class='ocr_line' id='line_1_4' title="bbox 156 884 1010 962; baseline -0.011 -18"><span class='ocrx_word' id='word_1_18' title='bbox 156 891 292 962; x_wconf 86' lang='lat' dir='ltr'><strong>pulerali</strong></span> <span class='ocrx_word' id='word_1_19' title='bbox 302 889 364 944; x_wconf 90' lang='lat' dir='ltr'><strong>eius</strong></span> <span class='ocrx_word' id='word_1_20' title='bbox 378 886 467 961; x_wconf 86' lang='lat' dir='ltr'><strong>lapidi</strong></span> <span class='ocrx_word' id='word_1_21' title='bbox 481 887 623 959; x_wconf 85' lang='lat' dir='ltr'><strong>insculpta</strong></span> <span class='ocrx_word' id='word_1_22' title='bbox 633 885 771 958; x_wconf 77' lang='lat' dir='ltr'><strong>leguntur</strong></span> <span class='ocrx_word' id='word_1_23' title='bbox 787 884 902 941; x_wconf 86' lang='lat' dir='ltr'><strong>Castelli</strong></span> <span class='ocrx_word' id='word_1_24' title='bbox 915 897 1010 954; x_wconf 87' lang='lat' dir='ltr'><strong>prope</strong></span> 
     </span>
     <span class='ocr_line' id='line_1_5' title="bbox 160 969 1010 1048; baseline -0.011 -18"><span class='ocrx_word' id='word_1_25' title='bbox 160 975 352 1048; x_wconf 73' lang='lat' dir='ltr'><strong>dmhergam.</strong></span> <span class='ocrx_word' id='word_1_26' title='bbox 370 1009 405 1019; x_wconf 90' lang='lat'><em>-</em></span> <span class='ocrx_word' id='word_1_27' title='bbox 439 990 467 1028; x_wconf 82' lang='lat' dir='ltr'><strong>v.</strong></span> <span class='ocrx_word' id='word_1_28' title='bbox 486 979 529 1029; x_wconf 81' lang='grc'><strong>24.</strong></span> <span class='ocrx_word' id='word_1_29' title='bbox 566 977 663 1026; x_wconf 71' lang='lat' dir='ltr'><strong>Sonat</strong></span> <span class='ocrx_word' id='word_1_30' title='bbox 678 975 748 1024; x_wconf 75' lang='lat' dir='ltr'><strong>utllt</strong></span> <span class='ocrx_word' id='word_1_31' title='bbox 764 975 841 1026; x_wconf 79' lang='lat' dir='ltr'><strong>ersis</strong></span> <span class='ocrx_word' id='word_1_32' title='bbox 859 971 886 1024; x_wconf 88' lang='lat' dir='ltr'><strong>h.</strong></span> <span class='ocrx_word' id='word_1_33' title='bbox 907 986 932 1023; x_wconf 85' lang='lat' dir='ltr'><strong>o.</strong></span> <span class='ocrx_word' id='word_1_34' title='bbox 951 969 1010 1022; x_wconf 85' lang='lat' dir='ltr'><strong>vir-</strong></span> 
     </span>
     <span class='ocr_line' id='line_1_6' title="bbox 161 1056 699 1130; baseline -0.007 -15"><span class='ocrx_word' id='word_1_35' title='bbox 161 1061 238 1116; x_wconf 87' lang='lat' dir='ltr'><strong>tutis</strong></span> <span class='ocrx_word' id='word_1_36' title='bbox 257 1077 348 1114; x_wconf 84' lang='lat' dir='ltr'><strong>verae</strong></span> <span class='ocrx_word' id='word_1_37' title='bbox 365 1076 440 1130; x_wconf 91' lang='lat' dir='ltr'><strong>opus</strong></span> <span class='ocrx_word' id='word_1_38' title='bbox 457 1058 569 1111; x_wconf 86' lang='lat' dir='ltr'><strong>nullum</strong></span> <span class='ocrx_word' id='word_1_39' title='bbox 586 1056 699 1112; x_wconf 65' lang='lat' dir='ltr'><strong>uum?</strong></span> 
     </span>
    </p>

    <p class='ocr_par' dir='ltr' id='par_1_3' title="bbox 159 1141 1011 2239">
     <span class='ocr_line' id='line_1_7' title="bbox 236 1141 1011 1219; baseline -0.01 -18"><span class='ocrx_word' id='word_1_40' title='bbox 236 1145 315 1201; x_wconf 85' lang='lat' dir='ltr'><strong>Ode</strong></span> <span class='ocrx_word' id='word_1_41' title='bbox 331 1145 484 1202; x_wconf 79' lang='lat' dir='ltr'><strong>xxxvttt.</strong></span> <span class='ocrx_word' id='word_1_42' title='bbox 495 1162 523 1203; x_wconf 86' lang='lat' dir='ltr'><strong>v.</strong></span> <span class='ocrx_word' id='word_1_43' title='bbox 530 1147 555 1199; x_wconf 77' lang='grc'><strong>6.</strong></span> <span class='ocrx_word' id='word_1_44' title='bbox 564 1141 1011 1219; x_wconf 63' lang='lat' dir='ltr'><strong>suunusignificsnturhr-</strong></span> 
     </span>
     <span class='ocr_line' id='line_1_8' title="bbox 160 1223 1010 1302; baseline -0.009 -18"><span class='ocrx_word' id='word_1_45' title='bbox 160 1249 215 1286; x_wconf 80' lang='lat' dir='ltr'><strong>eae</strong></span> <span class='ocrx_word' id='word_1_46' title='bbox 226 1230 386 1302; x_wconf 73' lang='lat' dir='ltr'><strong>lucifugae,</strong></span> <span class='ocrx_word' id='word_1_47' title='bbox 398 1255 433 1268; x_wconf 92' lang='lat'>-</span> <span class='ocrx_word' id='word_1_48' title='bbox 450 1247 477 1284; x_wconf 81' lang='lat' dir='ltr'><strong>v.</strong></span> <span class='ocrx_word' id='word_1_49' title='bbox 491 1236 532 1287; x_wconf 84' lang='grc'><strong>11.</strong></span> <span class='ocrx_word' id='word_1_50' title='bbox 545 1233 707 1284; x_wconf 69' lang='lat' dir='ltr'><strong>Pharsalia</strong></span> <span class='ocrx_word' id='word_1_51' title='bbox 720 1245 758 1282; x_wconf 87' lang='lat' dir='ltr'><strong>sc.</strong></span> <span class='ocrx_word' id='word_1_52' title='bbox 769 1225 913 1300; x_wconf 87' lang='lat' dir='ltr'><strong>planities,</strong></span> <span class='ocrx_word' id='word_1_53' title='bbox 926 1223 1010 1278; x_wconf 83' lang='lat' dir='ltr'><strong>etiam</strong></span> 
     </span>
     <span class='ocr_line' id='line_1_9' title="bbox 159 1311 1010 1387; baseline -0.008 -18"><span class='ocrx_word' id='word_1_54' title='bbox 159 1314 378 1387; x_wconf 82' lang='lat' dir='ltr'><strong>proThassalia</strong></span> <span class='ocrx_word' id='word_1_55' title='bbox 385 1313 505 1385; x_wconf 88' lang='lat' dir='ltr'><strong>ponitur</strong></span> <span class='ocrx_word' id='word_1_56' title='bbox 511 1315 600 1370; x_wconf 84' lang='lat' dir='ltr'><strong>omni.</strong></span> <span class='ocrx_word' id='word_1_57' title='bbox 617 1312 772 1368; x_wconf 72' lang='lat' dir='ltr'><strong>Pharsalus</strong></span> <span class='ocrx_word' id='word_1_58' title='bbox 786 1313 860 1366; x_wconf 85' lang='lat' dir='ltr'><strong>enim</strong></span> <span class='ocrx_word' id='word_1_59' title='bbox 869 1321 912 1366; x_wconf 88' lang='lat' dir='ltr'><strong>est</strong></span> <span class='ocrx_word' id='word_1_60' title='bbox 923 1311 1010 1363; x_wconf 83' lang='lat' dir='ltr'><strong>&#39;l&#39;hes-</strong></span> 
     </span>
     <span class='ocr_line' id='line_1_10' title="bbox 160 1395 1008 1470; baseline -0.012 -15"><span class='ocrx_word' id='word_1_61' title='bbox 160 1401 258 1456; x_wconf 88' lang='lat' dir='ltr'><strong>saliae</strong></span> <span class='ocrx_word' id='word_1_62' title='bbox 274 1397 426 1470; x_wconf 85' lang='lat' dir='ltr'><strong>oppidum,</strong></span> <span class='ocrx_word' id='word_1_63' title='bbox 444 1398 476 1450; x_wconf 91' lang='lat' dir='ltr'><strong>in</strong></span> <span class='ocrx_word' id='word_1_64' title='bbox 491 1398 574 1451; x_wconf 89' lang='lat' dir='ltr'><strong>euius</strong></span> <span class='ocrx_word' id='word_1_65' title='bbox 589 1398 709 1470; x_wconf 75' lang='lat' dir='ltr'><strong>planitie</strong></span> <span class='ocrx_word' id='word_1_66' title='bbox 723 1400 829 1454; x_wconf 59' lang='lat' dir='ltr'><strong>Caesa</strong></span> <span class='ocrx_word' id='word_1_67' title='bbox 844 1395 915 1451; x_wconf 82' lang='lat' dir='ltr'><strong>vicit</strong></span> <span class='ocrx_word' id='word_1_68' title='bbox 926 1399 1008 1451; x_wconf 87' lang='lat' dir='ltr'><strong>Pom-</strong></span> 
     </span>
     <span class='ocr_line' id='line_1_11' title="bbox 159 1479 1010 1558; baseline -0.008 -19"><span class='ocrx_word' id='word_1_69' title='bbox 159 1486 279 1558; x_wconf 87' lang='lat' dir='ltr'><strong>peium.</strong></span> <span class='ocrx_word' id='word_1_70' title='bbox 293 1511 327 1524; x_wconf 86' lang='lat'><strong>·-</strong></span> <span class='ocrx_word' id='word_1_71' title='bbox 348 1500 376 1535; x_wconf 86' lang='lat' dir='ltr'><strong>v.</strong></span> <span class='ocrx_word' id='word_1_72' title='bbox 392 1489 432 1538; x_wconf 83' lang='lat'><strong>13.</strong></span> <span class='ocrx_word' id='word_1_73' title='bbox 453 1488 593 1538; x_wconf 68' lang='lat' dir='ltr'><strong>Fanum</strong></span> <span class='ocrx_word' id='word_1_74' title='bbox 614 1483 662 1537; x_wconf 87' lang='lat' dir='ltr'><strong>vel</strong></span> <span class='ocrx_word' id='word_1_75' title='bbox 678 1484 762 1538; x_wconf 82' lang='lat' dir='ltr'><strong>Fiuui</strong></span> <span class='ocrx_word' id='word_1_76' title='bbox 785 1483 914 1556; x_wconf 89' lang='lat' dir='ltr'><strong>populus</strong></span> <span class='ocrx_word' id='word_1_77' title='bbox 939 1479 1010 1534; x_wconf 84' lang='lat' dir='ltr'><strong>Sus·</strong></span> 
     </span>
     <span class='ocr_line' id='line_1_12' title="bbox 162 1566 1009 1641; baseline -0.007 -17"><span class='ocrx_word' id='word_1_78' title='bbox 162 1569 234 1624; x_wconf 88' lang='lat' dir='ltr'><strong>diae</strong></span> <span class='ocrx_word' id='word_1_79' title='bbox 240 1585 251 1634; x_wconf 83' lang='lat'>3</span> <span class='ocrx_word' id='word_1_80' title='bbox 275 1566 344 1621; x_wconf 86' lang='lat' dir='ltr'><strong>item</strong></span> <span class='ocrx_word' id='word_1_81' title='bbox 361 1572 458 1635; x_wconf 71' lang='lat' dir='ltr'><strong>Iuppi</strong></span> <span class='ocrx_word' id='word_1_82' title='bbox 480 1568 540 1622; x_wconf 79' lang='lat' dir='ltr'><strong>sive</strong></span> <span class='ocrx_word' id='word_1_83' title='bbox 556 1570 726 1639; x_wconf 71' lang='lat' dir='ltr'><strong>hopperus,</strong></span> <span class='ocrx_word' id='word_1_84' title='bbox 753 1569 803 1641; x_wconf 86' lang='lat' dir='ltr'><strong>qui</strong></span> <span class='ocrx_word' id='word_1_85' title='bbox 824 1568 1009 1640; x_wconf 78' lang='lat' dir='ltr'><strong>appellantur</strong></span> 
     </span>
     <span class='ocr_line' id='line_1_13' title="bbox 160 1651 1008 1726; baseline -0.005 -19"><span class='ocrx_word' id='word_1_86' title='bbox 160 1653 260 1720; x_wconf 84' lang='lat' dir='ltr'><strong>milvi,</strong></span> <span class='ocrx_word' id='word_1_87' title='bbox 277 1652 372 1718; x_wconf 78' lang='lat' dir='ltr'><strong>corvi,</strong></span> <span class='ocrx_word' id='word_1_88' title='bbox 384 1664 419 1708; x_wconf 89' lang='lat' dir='ltr'><strong>ut</strong></span> <span class='ocrx_word' id='word_1_89' title='bbox 428 1669 516 1726; x_wconf 80' lang='lat' dir='ltr'><strong>supra</strong></span> <span class='ocrx_word' id='word_1_90' title='bbox 524 1653 823 1708; x_wconf 61' lang='lat' dir='ltr'><strong>vutmrsmcusltoc</strong></span> <span class='ocrx_word' id='word_1_91' title='bbox 832 1651 1008 1724; x_wconf 85' lang='lat' dir='ltr'><strong>dieitpoeta:</strong></span> 
     </span>
     <span class='ocr_line' id='line_1_14' title="bbox 161 1735 1010 1811; baseline -0.005 -19"><span class='ocrx_word' id='word_1_92' title='bbox 161 1735 342 1792; x_wconf 80' lang='lat' dir='ltr'><strong>coelestibus</strong></span> <span class='ocrx_word' id='word_1_93' title='bbox 359 1737 492 1808; x_wconf 85' lang='lat' dir='ltr'><strong>auspiciis</strong></span> <span class='ocrx_word' id='word_1_94' title='bbox 505 1737 584 1791; x_wconf 85' lang='lat' dir='ltr'><strong>bella</strong></span> <span class='ocrx_word' id='word_1_95' title='bbox 602 1748 633 1792; x_wconf 83' lang='lat' dir='ltr'><strong>et</strong></span> <span class='ocrx_word' id='word_1_96' title='bbox 648 1739 781 1810; x_wconf 76' lang='lat' dir='ltr'><strong>pericula</strong></span> <span class='ocrx_word' id='word_1_97' title='bbox 797 1735 1010 1811; x_wconf 83' lang='lat' dir='ltr'><strong>portendantur</strong></span> 
     </span>
     <span class='ocr_line' id='line_1_15' title="bbox 161 1820 1010 1895; baseline -0.004 -18"><span class='ocrx_word' id='word_1_98' title='bbox 161 1821 269 1877; x_wconf 82' lang='lat' dir='ltr'><strong>Sueeis</strong></span> <span class='ocrx_word' id='word_1_99' title='bbox 279 1820 452 1894; x_wconf 85' lang='lat' dir='ltr'><strong>aneisqua.</strong></span> <span class='ocrx_word' id='word_1_100' title='bbox 462 1855 497 1866; x_wconf 91' lang='lat'><em>-</em></span> <span class='ocrx_word' id='word_1_101' title='bbox 513 1840 542 1879; x_wconf 89' lang='lat' dir='ltr'><strong>v.</strong></span> <span class='ocrx_word' id='word_1_102' title='bbox 555 1829 598 1882; x_wconf 75' lang='lat' dir='ltr'><strong>ll.</strong></span> <span class='ocrx_word' id='word_1_103' title='bbox 613 1827 842 1891; x_wconf 70' lang='lat' dir='ltr'><strong>Orustymplatl</strong></span> <span class='ocrx_word' id='word_1_104' title='bbox 856 1821 1010 1895; x_wconf 71' lang='lat' dir='ltr'><strong>prodroa-</strong></span> 
     </span>
     <span class='ocr_line' id='line_1_16' title="bbox 161 1905 1011 1979; baseline -0.004 -17"><span class='ocrx_word' id='word_1_105' title='bbox 161 1907 211 1962; x_wconf 86' lang='lat' dir='ltr'><strong>dia</strong></span> <span class='ocrx_word' id='word_1_106' title='bbox 228 1905 279 1960; x_wconf 81' lang='lat' dir='ltr'><strong>vel</strong></span> <span class='ocrx_word' id='word_1_107' title='bbox 293 1906 437 1961; x_wconf 72' lang='lat' dir='ltr'><strong>Thessalia</strong></span> <span class='ocrx_word' id='word_1_108' title='bbox 451 1908 500 1962; x_wconf 78' lang='lat' dir='ltr'><strong>vel</strong></span> <span class='ocrx_word' id='word_1_109' title='bbox 512 1907 636 1964; x_wconf 76' lang='lat' dir='ltr'><strong>Graecia</strong></span> <span class='ocrx_word' id='word_1_110' title='bbox 651 1918 724 1965; x_wconf 78' lang='lat' dir='ltr'><strong>tots.</strong></span> <span class='ocrx_word' id='word_1_111' title='bbox 745 1911 815 1964; x_wconf 79' lang='lat' dir='ltr'><strong>llam</strong></span> <span class='ocrx_word' id='word_1_112' title='bbox 828 1907 1011 1979; x_wconf 79' lang='lat' dir='ltr'><strong>Stymphnlns</strong></span> 
     </span>
     <span class='ocr_line' id='line_1_17' title="bbox 163 1992 1009 2066; baseline -0.007 -16"><span class='ocrx_word' id='word_1_113' title='bbox 163 2006 210 2050; x_wconf 85' lang='lat' dir='ltr'><strong>est</strong></span> <span class='ocrx_word' id='word_1_114' title='bbox 227 1995 308 2048; x_wconf 83' lang='lat' dir='ltr'><strong>lacus</strong></span> <span class='ocrx_word' id='word_1_115' title='bbox 326 2003 355 2047; x_wconf 86' lang='lat' dir='ltr'><strong>et</strong></span> <span class='ocrx_word' id='word_1_116' title='bbox 365 1993 625 2056; x_wconf 76' lang='lat' dir='ltr'><strong>fluviusreadiae.</strong></span> <span class='ocrx_word' id='word_1_117' title='bbox 635 2025 663 2036; x_wconf 88' lang='lat'><em>-</em></span> <span class='ocrx_word' id='word_1_118' title='bbox 683 2014 712 2052; x_wconf 85' lang='lat' dir='ltr'><strong>v.</strong></span> <span class='ocrx_word' id='word_1_119' title='bbox 725 2003 767 2053; x_wconf 78' lang='lat'><strong>14.</strong></span> <span class='ocrx_word' id='word_1_120' title='bbox 786 1999 843 2049; x_wconf 81' lang='lat' dir='ltr'><strong>laus</strong></span> <span class='ocrx_word' id='word_1_121' title='bbox 854 1992 951 2066; x_wconf 82' lang='lat' dir='ltr'><strong>aquila</strong></span> <span class='ocrx_word' id='word_1_122' title='bbox 965 2001 1009 2044; x_wconf 88' lang='lat' dir='ltr'><strong>tu·</strong></span> 
     </span>
     <span class='ocr_line' id='line_1_18' title="bbox 160 2077 1010 2155; baseline -0.007 -19"><span class='ocrx_word' id='word_1_123' title='bbox 160 2091 215 2136; x_wconf 89' lang='lat' dir='ltr'><strong>tor</strong></span> <span class='ocrx_word' id='word_1_124' title='bbox 234 2079 342 2155; x_wconf 74' lang='lat' dir='ltr'><strong>angelis</strong></span> <span class='ocrx_word' id='word_1_125' title='bbox 359 2080 485 2134; x_wconf 77' lang='lat' dir='ltr'><strong>sociatur</strong></span> <span class='ocrx_word' id='word_1_126' title='bbox 504 2079 671 2136; x_wconf 80' lang='lat' dir='ltr'><strong>custodibus</strong></span> <span class='ocrx_word' id='word_1_127' title='bbox 689 2097 721 2135; x_wconf 81' lang='lat' dir='ltr'><strong>ae</strong></span> <span class='ocrx_word' id='word_1_128' title='bbox 740 2079 776 2135; x_wconf 90' lang='lat' dir='ltr'><strong>de</strong></span> <span class='ocrx_word' id='word_1_129' title='bbox 796 2077 945 2150; x_wconf 85' lang='lat' dir='ltr'><strong>triumpho</strong></span> <span class='ocrx_word' id='word_1_130' title='bbox 962 2093 1010 2130; x_wconf 85' lang='lat' dir='ltr'><strong>eo·</strong></span> 
     </span>
     <span class='ocr_line' id='line_1_19' title="bbox 165 2165 418 2239; baseline 0.016 -20"><span class='ocrx_word' id='word_1_131' title='bbox 165 2166 274 2239; x_wconf 71' lang='lat' dir='ltr'><strong>gitatur</strong></span> <span class='ocrx_word' id='word_1_132' title='bbox 292 2165 418 2222; x_wconf 82' lang='lat' dir='ltr'><strong>coelesti.</strong></span> 
     </span>
    </p>

    <p class='ocr_par' dir='ltr' id='par_1_4' title="bbox 160 2246 1012 3520">
     <span class='ocr_line' id='line_1_20' title="bbox 234 2246 1009 2325; baseline -0.005 -19"><span class='ocrx_word' id='word_1_133' title='bbox 234 2249 311 2306; x_wconf 85' lang='lat' dir='ltr'><strong>Ode</strong></span> <span class='ocrx_word' id='word_1_134' title='bbox 328 2250 457 2305; x_wconf 80' lang='lat' dir='ltr'><strong>XXXlX.</strong></span> <span class='ocrx_word' id='word_1_135' title='bbox 492 2255 687 2321; x_wconf 69' lang='lat' dir='ltr'><strong>Scanderleps&#39;</strong></span> <span class='ocrx_word' id='word_1_136' title='bbox 702 2267 863 2325; x_wconf 74' lang='lat' dir='ltr'><strong>cognomen</strong></span> <span class='ocrx_word' id='word_1_137' title='bbox 882 2246 1009 2305; x_wconf 80' lang='lat' dir='ltr'><strong>Castrin-</strong></span> 
     </span>
     <span class='ocr_line' id='line_1_21' title="bbox 164 2331 1010 2408; baseline -0.006 -17"><span class='ocrx_word' id='word_1_138' title='bbox 164 2347 214 2391; x_wconf 90' lang='lat' dir='ltr'><strong>tus</strong></span> <span class='ocrx_word' id='word_1_139' title='bbox 231 2336 344 2408; x_wconf 81' lang='lat' dir='ltr'><strong>aceepit</strong></span> <span class='ocrx_word' id='word_1_140' title='bbox 361 2352 378 2388; x_wconf 94' lang='lat' dir='ltr'><strong>a</strong></span> <span class='ocrx_word' id='word_1_141' title='bbox 395 2335 507 2402; x_wconf 85' lang='lat' dir='ltr'><strong>Tureis‚</strong></span> <span class='ocrx_word' id='word_1_142' title='bbox 526 2335 772 2408; x_wconf 75' lang='lat' dir='ltr'><strong>quorumllngua</strong></span> <span class='ocrx_word' id='word_1_143' title='bbox 791 2345 834 2390; x_wconf 89' lang='lat' dir='ltr'><strong>est</strong></span> <span class='ocrx_word' id='word_1_144' title='bbox 847 2331 1010 2389; x_wconf 75' lang='lat' dir='ltr'><strong>Alexander</strong></span> 
     </span>
     <span class='ocr_line' id='line_1_22' title="bbox 162 2415 1008 2495; baseline -0.004 -20"><span class='ocrx_word' id='word_1_145' title='bbox 162 2422 317 2495; x_wconf 77' lang='lat' dir='ltr'><strong>princeps3</strong></span> <span class='ocrx_word' id='word_1_146' title='bbox 337 2430 401 2475; x_wconf 80' lang='lat' dir='ltr'><strong>erut</strong></span> <span class='ocrx_word' id='word_1_147' title='bbox 418 2420 494 2474; x_wconf 85' lang='lat' dir='ltr'><strong>enim</strong></span> <span class='ocrx_word' id='word_1_148' title='bbox 508 2438 611 2476; x_wconf 86' lang='lat' dir='ltr'><strong>eorum</strong></span> <span class='ocrx_word' id='word_1_149' title='bbox 626 2419 734 2477; x_wconf 80' lang='lat' dir='ltr'><strong>indicio</strong></span> <span class='ocrx_word' id='word_1_150' title='bbox 747 2421 822 2476; x_wconf 85' lang='lat' dir='ltr'><strong>alter</strong></span> <span class='ocrx_word' id='word_1_151' title='bbox 833 2415 1008 2481; x_wconf 68' lang='lat' dir='ltr'><strong>Alexander,</strong></span> 
     </span>
     <span class='ocr_line' id='line_1_23' title="bbox 163 2504 1010 2580; baseline -0.002 -20"><span class='ocrx_word' id='word_1_152' title='bbox 163 2525 226 2561; x_wconf 87' lang='lat' dir='ltr'><strong>non</strong></span> <span class='ocrx_word' id='word_1_153' title='bbox 242 2504 432 2578; x_wconf 81' lang='lat' dir='ltr'><strong>amplitudine</strong></span> <span class='ocrx_word' id='word_1_154' title='bbox 449 2507 585 2580; x_wconf 85' lang='lat' dir='ltr'><strong>imperii,</strong></span> <span class='ocrx_word' id='word_1_155' title='bbox 612 2505 664 2560; x_wconf 92' lang='lat' dir='ltr'><strong>sed</strong></span> <span class='ocrx_word' id='word_1_156' title='bbox 690 2507 832 2562; x_wconf 84' lang='lat' dir='ltr'><strong>virtutum</strong></span> <span class='ocrx_word' id='word_1_157' title='bbox 849 2520 1010 2577; x_wconf 83' lang='lat' dir='ltr'><strong>rerumque</strong></span> 
     </span>
     <span class='ocr_line' id='line_1_24' title="bbox 165 2590 1009 2665; baseline 0.002 -21"><span class='ocrx_word' id='word_1_158' title='bbox 165 2591 318 2663; x_wconf 82' lang='lat' dir='ltr'><strong>praeclare</strong></span> <span class='ocrx_word' id='word_1_159' title='bbox 336 2601 482 2662; x_wconf 74' lang='lat' dir='ltr'><strong>gestarum</strong></span> <span class='ocrx_word' id='word_1_160' title='bbox 504 2590 618 2648; x_wconf 81' lang='lat' dir='ltr'><strong>merito.</strong></span> <span class='ocrx_word' id='word_1_161' title='bbox 655 2590 700 2646; x_wconf 80' lang='lat' dir='ltr'><strong>db</strong></span> <span class='ocrx_word' id='word_1_162' title='bbox 723 2594 823 2646; x_wconf 84' lang='lat' dir='ltr'><strong>loame</strong></span> <span class='ocrx_word' id='word_1_163' title='bbox 841 2601 925 2665; x_wconf 87' lang='lat' dir='ltr'><strong>patre</strong></span> <span class='ocrx_word' id='word_1_164' title='bbox 944 2607 1009 2646; x_wconf 75' lang='lat' dir='ltr'><strong>eun</strong></span> 
     </span>
     <span class='ocr_line' id='line_1_25' title="bbox 167 2675 1008 2750; baseline -0.001 -19"><span class='ocrx_word' id='word_1_165' title='bbox 167 2687 299 2750; x_wconf 84' lang='lat' dir='ltr'><strong>quatuor</strong></span> <span class='ocrx_word' id='word_1_166' title='bbox 316 2676 458 2733; x_wconf 76' lang='lat' dir='ltr'><strong>fratribus</strong></span> <span class='ocrx_word' id='word_1_167' title='bbox 478 2675 631 2732; x_wconf 76' lang='lat' dir='ltr'><strong>Amuratlsi</strong></span> <span class='ocrx_word' id='word_1_168' title='bbox 650 2682 682 2733; x_wconf 89' lang='lat' dir='ltr'><strong>ll.</strong></span> <span class='ocrx_word' id='word_1_169' title='bbox 702 2681 866 2733; x_wconf 74' lang='lat' dir='ltr'><strong>Turturum</strong></span> <span class='ocrx_word' id='word_1_170' title='bbox 884 2688 1008 2749; x_wconf 79' lang='lat' dir='ltr'><strong>tyranno</strong></span> 
     </span>
     <span class='ocr_line' id='line_1_26' title="bbox 162 2761 1009 2821; baseline 0 -5"><span class='ocrx_word' id='word_1_171' title='bbox 162 2763 248 2816; x_wconf 89' lang='lat' dir='ltr'><strong>obses</strong></span> <span class='ocrx_word' id='word_1_172' title='bbox 271 2761 356 2816; x_wconf 81' lang='lat' dir='ltr'><strong>datus</strong></span> <span class='ocrx_word' id='word_1_173' title='bbox 387 2761 423 2815; x_wconf 84' lang='lat' dir='ltr'><strong>ab</strong></span> <span class='ocrx_word' id='word_1_174' title='bbox 451 2778 489 2816; x_wconf 82' lang='lat' dir='ltr'><strong>ro</strong></span> <span class='ocrx_word' id='word_1_175' title='bbox 512 2763 592 2817; x_wconf 89' lang='lat' dir='ltr'><strong>solus</strong></span> <span class='ocrx_word' id='word_1_176' title='bbox 616 2775 687 2821; x_wconf 89' lang='lat' dir='ltr'><strong>natu</strong></span> <span class='ocrx_word' id='word_1_177' title='bbox 712 2765 849 2818; x_wconf 86' lang='lat' dir='ltr'><strong>minimus</strong></span> <span class='ocrx_word' id='word_1_178' title='bbox 875 2773 1009 2816; x_wconf 80' lang='lat' dir='ltr'><strong>servatur</strong></span> 
     </span>
     <span class='ocr_line' id='line_1_27' title="bbox 166 2847 1008 2920; baseline 0 -18"><span class='ocrx_word' id='word_1_179' title='bbox 166 2847 329 2920; x_wconf 71' lang='lat' dir='ltr'><strong>Georgius,</strong></span> <span class='ocrx_word' id='word_1_180' title='bbox 348 2848 455 2902; x_wconf 86' lang='lat' dir='ltr'><strong>ceteris</strong></span> <span class='ocrx_word' id='word_1_181' title='bbox 472 2847 609 2904; x_wconf 81' lang='lat' dir='ltr'><strong>omnihus</strong></span> <span class='ocrx_word' id='word_1_182' title='bbox 625 2867 740 2904; x_wconf 81' lang='lat' dir='ltr'><strong>veneno</strong></span> <span class='ocrx_word' id='word_1_183' title='bbox 758 2847 896 2915; x_wconf 88' lang='lat' dir='ltr'><strong>sublatis,</strong></span> <span class='ocrx_word' id='word_1_184' title='bbox 920 2857 1008 2919; x_wconf 78' lang='lat' dir='ltr'><strong>atque</strong></span> 
     </span>
     <span class='ocr_line' id='line_1_28' title="bbox 165 2930 1007 3008; baseline -0.001 -20"><span class='ocrx_word' id='word_1_185' title='bbox 165 2935 196 2988; x_wconf 88' lang='lat' dir='ltr'><strong>in</strong></span> <span class='ocrx_word' id='word_1_186' title='bbox 214 2930 368 3004; x_wconf 78' lang='lat' dir='ltr'><strong>disciplina</strong></span> <span class='ocrx_word' id='word_1_187' title='bbox 384 2933 505 2988; x_wconf 85' lang='lat' dir='ltr'><strong>militari</strong></span> <span class='ocrx_word' id='word_1_188' title='bbox 518 2949 606 3006; x_wconf 84' lang='lat' dir='ltr'><strong>quam</strong></span> <span class='ocrx_word' id='word_1_189' title='bbox 624 2933 843 3008; x_wconf 76' lang='lat' dir='ltr'><strong>diligentissime</strong></span> <span class='ocrx_word' id='word_1_190' title='bbox 862 2930 1007 2988; x_wconf 76' lang='lat' dir='ltr'><strong>eruditur.</strong></span> 
     </span>
     <span class='ocr_line' id='line_1_29' title="bbox 164 3015 1008 3092; baseline -0.007 -17"><span class='ocrx_word' id='word_1_191' title='bbox 164 3023 266 3076; x_wconf 84' lang='lat' dir='ltr'><strong>Postea</strong></span> <span class='ocrx_word' id='word_1_192' title='bbox 280 3034 353 3072; x_wconf 84' lang='lat' dir='ltr'><strong>vero</strong></span> <span class='ocrx_word' id='word_1_193' title='bbox 372 3035 459 3091; x_wconf 85' lang='lat' dir='ltr'><strong>quam</strong></span> <span class='ocrx_word' id='word_1_194' title='bbox 476 3017 591 3074; x_wconf 75' lang='lat' dir='ltr'><strong>adultus</strong></span> <span class='ocrx_word' id='word_1_195' title='bbox 609 3030 639 3074; x_wconf 87' lang='lat' dir='ltr'><strong>et</strong></span> <span class='ocrx_word' id='word_1_196' title='bbox 657 3019 769 3092; x_wconf 74' lang='lat' dir='ltr'><strong>sliquos</strong></span> <span class='ocrx_word' id='word_1_197' title='bbox 785 3017 890 3091; x_wconf 79' lang='lat' dir='ltr'><strong>pugnis</strong></span> <span class='ocrx_word' id='word_1_198' title='bbox 914 3015 951 3070; x_wconf 88' lang='lat' dir='ltr'><strong>ds</strong></span> <span class='ocrx_word' id='word_1_199' title='bbox 966 3027 1008 3089; x_wconf 79' lang='lat' dir='ltr'><strong>ty·</strong></span> 
     </span>
     <span class='ocr_line' id='line_1_30' title="bbox 163 3101 1005 3174; baseline -0.004 -15"><span class='ocrx_word' id='word_1_200' title='bbox 163 3121 253 3160; x_wconf 83' lang='lat' dir='ltr'><strong>ranno</strong></span> <span class='ocrx_word' id='word_1_201' title='bbox 268 3102 345 3158; x_wconf 88' lang='lat' dir='ltr'><strong>bene</strong></span> <span class='ocrx_word' id='word_1_202' title='bbox 362 3102 481 3157; x_wconf 84' lang='lat' dir='ltr'><strong>meritus</strong></span> <span class='ocrx_word' id='word_1_203' title='bbox 506 3113 565 3169; x_wconf 87' lang='lat' dir='ltr'><strong>est,</strong></span> <span class='ocrx_word' id='word_1_204' title='bbox 591 3103 627 3157; x_wconf 84' lang='lat' dir='ltr'><strong>ab</strong></span> <span class='ocrx_word' id='word_1_205' title='bbox 653 3103 757 3157; x_wconf 80' lang='lat' dir='ltr'><strong>eodem</strong></span> <span class='ocrx_word' id='word_1_206' title='bbox 779 3113 902 3174; x_wconf 84' lang='lat' dir='ltr'><strong>paterno</strong></span> <span class='ocrx_word' id='word_1_207' title='bbox 920 3101 1005 3158; x_wconf 65' lang='lat' dir='ltr'><strong>Albae</strong></span> 
     </span>
     <span class='ocr_line' id='line_1_31' title="bbox 164 3188 1008 3263; baseline -0.004 -19"><span class='ocrx_word' id='word_1_208' title='bbox 164 3192 229 3244; x_wconf 88' lang='lat' dir='ltr'><strong>niae</strong></span> <span class='ocrx_word' id='word_1_209' title='bbox 246 3207 338 3263; x_wconf 78' lang='lat' dir='ltr'><strong>reguo</strong></span> <span class='ocrx_word' id='word_1_210' title='bbox 354 3199 398 3243; x_wconf 84' lang='lat' dir='ltr'><strong>est</strong></span> <span class='ocrx_word' id='word_1_211' title='bbox 414 3188 564 3244; x_wconf 85' lang='lat' dir='ltr'><strong>restitutus</strong></span> <span class='ocrx_word' id='word_1_212' title='bbox 585 3205 610 3242; x_wconf 83' lang='lat' dir='ltr'><strong>a.</strong></span> <span class='ocrx_word' id='word_1_213' title='bbox 634 3195 709 3246; x_wconf 75' lang='lat'>144³.</span> <span class='ocrx_word' id='word_1_214' title='bbox 748 3188 785 3242; x_wconf 78' lang='lat' dir='ltr'><strong>At</strong></span> <span class='ocrx_word' id='word_1_215' title='bbox 803 3188 852 3243; x_wconf 85' lang='lat' dir='ltr'><strong>ille</strong></span> <span class='ocrx_word' id='word_1_216' title='bbox 869 3205 927 3242; x_wconf 85' lang='lat' dir='ltr'><strong>uns</strong></span> <span class='ocrx_word' id='word_1_217' title='bbox 941 3205 1008 3244; x_wconf 87' lang='lat' dir='ltr'><strong>eum</strong></span> 
     </span>
     <span class='ocr_line' id='line_1_32' title="bbox 165 3273 1006 3348; baseline -0.004 -16"><span class='ocrx_word' id='word_1_218' title='bbox 165 3286 280 3347; x_wconf 80' lang='lat' dir='ltr'><strong>seeptro</strong></span> <span class='ocrx_word' id='word_1_219' title='bbox 304 3273 391 3330; x_wconf 76' lang='lat' dir='ltr'><strong>fidem</strong></span> <span class='ocrx_word' id='word_1_220' title='bbox 423 3275 537 3344; x_wconf 78' lang='lat' dir='ltr'><strong>recepit</strong></span> <span class='ocrx_word' id='word_1_221' title='bbox 564 3273 757 3329; x_wconf 80' lang='lat' dir='ltr'><strong>Christianam</strong></span> <span class='ocrx_word' id='word_1_222' title='bbox 788 3274 1006 3348; x_wconf 81' lang='lat' dir='ltr'><strong>acerrimusque</strong></span> 
     </span>
     <span class='ocr_line' id='line_1_33' title="bbox 161 3357 1012 3432; baseline -0.001 -18"><span class='ocrx_word' id='word_1_223' title='bbox 161 3362 325 3414; x_wconf 70' lang='lat' dir='ltr'><strong>Turenum</strong></span> <span class='ocrx_word' id='word_1_224' title='bbox 342 3358 527 3417; x_wconf 79' lang='lat' dir='ltr'><strong>adversarius</strong></span> <span class='ocrx_word' id='word_1_225' title='bbox 543 3357 635 3414; x_wconf 66' lang='lat' dir='ltr'><strong>fadus</strong></span> <span class='ocrx_word' id='word_1_226' title='bbox 653 3357 769 3414; x_wconf 85' lang='lat' dir='ltr'><strong>Croiam</strong></span> <span class='ocrx_word' id='word_1_227' title='bbox 779 3357 887 3432; x_wconf 67' lang='lat' dir='ltr'><strong>regiam</strong></span> <span class='ocrx_word' id='word_1_228' title='bbox 901 3359 1012 3413; x_wconf 65' lang='lat' dir='ltr'><strong>urhem’</strong></span> 
     </span>
     <span class='ocr_line' id='line_1_34' title="bbox 160 3442 1010 3520; baseline -0.002 -20"><span class='ocrx_word' id='word_1_229' title='bbox 160 3461 256 3520; x_wconf 78' lang='lat' dir='ltr'><strong>parvo</strong></span> <span class='ocrx_word' id='word_1_230' title='bbox 272 3443 401 3510; x_wconf 77' lang='lat' dir='ltr'><strong>utilitum</strong></span> <span class='ocrx_word' id='word_1_231' title='bbox 425 3461 548 3501; x_wconf 83' lang='lat' dir='ltr'><strong>numero</strong></span> <span class='ocrx_word' id='word_1_232' title='bbox 572 3443 733 3502; x_wconf 75' lang='lat' dir='ltr'><strong>fortissime</strong></span> <span class='ocrx_word' id='word_1_233' title='bbox 752 3442 883 3499; x_wconf 84' lang='lat' dir='ltr'><strong>defendit</strong></span> <span class='ocrx_word' id='word_1_234' title='bbox 906 3453 1010 3498; x_wconf 78' lang='lat' dir='ltr'><strong>eontra·</strong></span> 
     </span>
    </p>
   </div>
   <div class='ocr_carea' id='block_1_3' title="bbox 0 0 1309 4284">
    <p class='ocr_par' dir='ltr' id='par_1_5' title="bbox 0 0 1309 4284">
     <span class='ocr_line' id='line_1_35' title="bbox 0 0 1309 4284; baseline 0 0"><span class='ocrx_word' id='word_1_235' title='bbox 0 0 1309 4284; x_wconf 95' lang='lat' dir='ltr'><strong> </strong></span> 
     </span>
    </p>
   </div>
  </div>
 </body>
</html>
