2600 4284
346 520 520 591 Lyricorum
538 517 600 573 nib.
620 520 656 577 11.
676 524 716 575 12.
739 525 779 576 13.
955 518 1014 590 109

182 693 251 753 flue
272 712 388 755 recens
409 693 500 773 Egra
520 690 618 753 venio
639 710 700 773 per
721 712 811 752 auras

183 794 313 875 [Apsus3
339 807 375 855 nt
394 806 510 855 ventos
535 791 627 875 egilis
650 810 801 865 securem,

182 892 296 955 Addidi
316 914 443 977 pennas
464 893 620 953 tunicatus
644 907 677 953 et
697 905 741 954 ta-

428 993 508 1054 laria
530 993 656 1075 plantis.

181 1095 233 1155 Bis
253 1096 351 1157 nimis
372 1095 491 1177 raptim
510 1096 714 1182 properantis
736 1118 854 1182 angues

180 1193 259 1256 Sede
280 1195 431 1259 concussi
455 1195 603 1257 cecidere
627 1198 764 1281 sceptri3

180 1296 232 1355 Bis
253 1298 430 1359 reclinatus
452 1297 560 1358 medio
582 1296 708 1379 galerus

428 1398 560 1462 Vertiee
581 1395 684 1461 ssuxit.

179 1499 256 1559 Imus
278 1501 319 1561 ed
340 1500 466 1563 fontem
489 1497 594 1559 ducis:
630 1498 706 1560 inde
726 1502 808 1563 mira

181 1598 276 1661 Maior
298 1600 407 1663 audiri
427 1598 568 1661 referam
591 1598 716 1661 duella:

180 1698 323 1763 Omnium
345 1701 466 1763 nostris
484 1714 612 1762 onerata
629 1702 780 1764 monstris

425 1801 554 1862 Tinuiet
575 1800 671 1862 euris.

181 1898 310 1981 Ordiar3
335 1902 466 1986 linguis,
492 1900 614 1983 populi,
636 1900 761 1965 favete:

183 1999 287 2065 emeca
309 2006 338 2065 F
338 2001 504 2065 ridlandus
524 2003 649 2065 violens
672 2006 710 2067 ab
733 2006 799 2070 imo

182 2102 290 2187 Imperi
314 2123 445 2186 pessum
468 2102 549 2163 solio
569 2102 708 2179 daturus,
780 2097 785 2107 ’

421 2203 562 2277 Credite,
585 2204 673 2267 visit.

182 2301 327 2366 Ordinem
350 2302 409 2366 fati
433 2306 613 2391 seriemque
636 2304 762 2388 pendo:

182 2403 255 2467 Pone
280 2425 316 2465 se
339 2404 448 2465 Pilsna
470 2406 582 2467 timide
603 2407 716 2469 relicta

181 2505 265 2569 Multa
287 2504 438 2569 volvebat
457 2508 600 2568 nocitura
623 2528 774 2570 moerens

422 2607 518 2668 Solus
539 2608 573 2667 in
595 2629 686 2671 erce:

181 2703 310 2769 Proditis
334 2728 414 2791 ergo
435 2708 609 2771 moriemur
634 2710 756 2773 armis?

183 2806 261 2869 dene
285 2808 455 2892 deceptum
481 2808 588 2870 reditu
608 2812 758 2873 Gulussae

182 2905 258 2971 Lusit
280 2925 312 2973 et
333 2930 433 2973 uanus
453 2911 560 2973 titulos
581 2911 716 2974 honoris

418 3012 534 3075 Caesar
556 3011 694 3075 ademit?

183 3104 247 3171 Sunt
269 3123 374 3173 temen
395 3112 492 3188 uires,
520 3113 635 3196 quibus
656 3115 718 3175 ima
740 3114 881 3190 summis,

184 3204 295 3273 Summa
315 3213 461 3274 miscebo
482 3214 669 3275 metuendus
692 3215 774 3276 imis.
835 3198 839 3204 ⁴

184 3304 228 3373 Est
248 3310 351 3375 adhue
372 3334 491 3377 neruus
513 3313 705 3399 gravidaque
730 3321 866 3382 nummis

418 3414 511 3477 Miles
533 3415 567 3475 in
592 3436 674 3476 arca.
