2600 4284
266 544 329 612 250
589 539 691 596 Jacobt
710 536 799 635 Belle

306 714 397 774 Haec
418 711 546 775 curioso
564 732 673 795 nuper
693 711 878 796 imaginum,

306 812 467 896 Philippa,
492 813 564 876 visu
584 815 701 877 multus
720 813 890 879 obicerent

348 915 503 999 Inscripta
522 913 662 977 miralias
681 916 818 978 metallis

392 1018 490 1102 Signa
511 1015 640 1099 quidem
661 1016 828 1101 faciesque
849 1013 961 1100 prisco

306 1201 457 1260 Horrore
479 1197 616 1272 fractas,
644 1212 677 1261 te
698 1199 805 1281 potius
826 1211 942 1261 tamen.

303 1299 352 1359 Ex
374 1320 437 1382 quo
459 1298 643 1381 loquentem
663 1298 772 1380 prisca
791 1298 965 1362 Boethium

348 1398 577 1483 Gracchosque
606 1414 639 1462 et
662 1400 824 1484 antiquum
845 1402 998 1465 Catonem

391 1502 440 1563 Ac
460 1502 580 1565 Fabios
597 1501 680 1562 mihi
700 1502 885 1565 consulares

306 1681 431 1744 Audire
451 1683 549 1755 visus,
573 1682 618 1743 nil
639 1682 818 1765 pretiosius

255 1794 259 1803 ’
310 1781 560 1859 Desiderabam:
589 1799 723 1867 pectore
745 1783 780 1845 in
801 1784 900 1849 unico

350 1886 392 1947 Se
413 1898 476 1947 tota
498 1885 703 1969 spectandam
725 1900 863 1952 vetustas

391 1986 533 2051 Exhibet
553 1988 764 2071 historiisque
785 1986 877 2051 ludit.

308 2139 477 2205 Verendus
498 2141 588 2203 annis
610 2140 672 2203 iam
691 2140 901 2225 propioribus

307 2239 386 2302 Sisti
408 2257 571 2306 sonantem
586 2243 645 2303 Dis
667 2242 802 2305 animam
824 2241 919 2305 bonis

347 2344 428 2404 Fere
449 2343 483 2403 in
506 2357 658 2419 senatum,
683 2344 754 2411 viva
777 2342 887 2405 Scauri

391 2442 526 2530 Effigies
547 2445 772 2529 Thraseaeque
794 2444 910 2529 magni.

305 2597 446 2683 Namque
469 2612 502 2661 et
523 2598 684 2683 benignus
707 2596 827 2661 candor
847 2611 879 2660 et
899 2598 1037 2682 inclytae
1133 2604 1144 2615 '

307 2702 506 2784 Magnusque
529 2700 644 2761 mentis
668 2700 760 2785 copia
780 2699 922 2785 fulgurat

345 2803 489 2883 Ruptura
510 2822 571 2885 per
593 2822 796 2887 quascunque
821 2800 936 2869 nubeis

386 2901 537 2963 Consiliis
560 2902 699 2987 agilique
721 2903 786 2967 telo

307 3052 501 3138 sagacitatis.
536 3059 585 3117 Tu
607 3054 691 3119 bene
713 3055 884 3147 perspicax

304 3156 447 3220 Ventura
468 3155 571 3241 tangis
590 3157 712 3240 pollice
732 3156 904 3239 Delphico,

345 3258 533 3342 Doctusque
556 3258 738 3321 coniectare
760 3278 875 3321 verum

386 3360 472 3419 Luce
494 3358 562 3421 frui
583 3372 676 3443 potes
697 3360 855 3423 obserata.

603 3532 756 3547 *t—
