2600 4284
462 520 553 578 liher
568 517 702 592 epodos.
722 526 763 578 14.
985 529 1048 600 m

143 698 240 759 Hoc
266 693 384 759 ultioni
405 691 512 776 geritis
531 691 672 757 infusum
693 713 784 760 mese

200 796 352 871 Litetur,
374 794 489 878 inquit,
517 796 677 878 poculum.

147 898 217 962 sic
244 898 386 981 quisque
407 895 441 956 in
462 893 575 958 orhem
595 916 771 980 purpuram
790 896 868 962 libat
891 897 1003 984 scyphi

200 1000 336 1062 Plenus
354 996 506 1079 'Ihyestei
525 1016 629 1060 mero.
1013 1013 1047 1066 8⁰

151 1105 205 1166 Et
227 1115 319 1164 tauto
338 1100 466 1182 poeuis,
486 1097 672 1182 Christiani,
694 1097 813 1164 debitis

202 1203 371 1264 Dioemor
390 1199 448 1262 ulti
469 1199 619 1274 crimine,

156 1303 287 1368 Iudaea
309 1301 405 1385 porei
426 1300 528 1384 siquis
551 1321 609 1365 ora
632 1301 758 1366 sumine

204 1408 347 1486 inungat
366 1417 419 1464 eut
438 1402 617 1466 lucanicis?
691 1422 696 1434 ·

157 1506 235 1568 Aut
253 1503 453 1587 parricidam
469 1503 667 1568 ludibundus
689 1505 821 1572 obvium
1011 1509 1045 1564 ω

204 1606 379 1669 Praebere
395 1622 489 1692 coget
508 1605 616 1669 eleas?

160 1711 243 1772 Huc
263 1706 436 1770 venditare
458 1708 547 1772 mille
567 1727 687 1791 rerpos
708 1707 804 1772 uuioo

207 1811 332 1872 Caesus·
355 1807 428 1870 redi
448 1810 607 1872 teruneio.

170 1915 224 1974 Tu
243 1909 366 1994 potius,
387 1909 445 1972 imi
467 1931 575 1974 sessor
596 1907 711 1983 Erebi,
737 1907 851 1972 iustior

208 2009 373 2074 Antioche
396 2025 566 2086 tortorum,
589 2008 679 2084 redi:
1011 2013 1044 2064 90

167 2115 236 2175 Una
260 2111 320 2174 suh
342 2113 408 2178 imo
430 2111 588 2198 quidquid
608 2125 659 2174 est
679 2109 788 2174 Erebo
809 2108 937 2193 triplex,

211 2213 318 2289 Canis,
346 2215 495 2291 Sorores,
519 2213 662 2276 ludices:

170 2317 280 2378 Genus
304 2335 399 2378 omne
420 2317 559 2380 monstri
579 2314 706 2398 turpius
724 2323 901 2375 monstrum
915 2309 1009 2386 feret,

209 2414 343 2479 Infanda
364 2418 474 2499 proles
496 2418 586 2480 lsooi.

170 2518 299 2598 Tityrum
318 2517 478 2602 relinquet
496 2520 581 2594 eles,
603 2533 637 2582 et
657 2515 818 2600 Phlegyae
842 2527 927 2580 setus
1012 2519 1044 2574 to

211 2621 336 2700 Gyrore
357 2634 464 2683 cesset
484 2621 634 2695 orhitem,

170 2721 331 2805 suumque
353 2737 494 2786 montem
516 2722 673 2805 Sisyphus
694 2720 779 2786 liber
801 2720 878 2804 iugo

210 2824 349 2887 Miretur
369 2837 402 2886 et
422 2822 547 2891 Lethen
565 2825 676 2889 hibet:

171 2927 321 3010 fiasque
341 2924 455 2990 rabida
476 2926 595 3012 migret
614 2928 648 2990 in
670 2927 778 2992 fauces
800 2923 869 2987 sitis

211 3030 387 3111 Famesque
408 3028 513 3110 pomis
535 3027 689 3092 insidens.
993 3033 1043 3087 100

173 3131 258 3228 Quae
278 3149 386 3212 poena
406 3127 517 3192 muudi
536 3130 638 3194 sontis
659 3145 709 3195 est
730 3144 762 3193 et
783 3128 935 3205 omnium,

213 3231 260 3294 sit
279 3250 385 3314 poene
402 3230 507 3316 gentis
529 3231 633 3293 unius.
