2600 4284
440 517 614 588 Lyricorum
625 515 690 570 Lib.
708 517 733 572 1.
752 521 778 573 6·
990 517 1030 586 13

317 696 378 758 Art
398 695 591 758 Matutam
611 693 828 757 Rusonem.

384 834 478 886 Aemi
493 835 624 900 pannosa·
643 833 774 884 istm.

463 957 597 1022 ODE
640 957 694 1023 VL
738 1045 743 1051 ὓ

160 1093 198 1175 Si
217 1115 461 1198 circumspicias
477 1129 521 1190 te,
543 1117 638 1190 Raso,
664 1137 729 1176 non
748 1129 811 1192 tua,

159 1217 268 1278 Paucis
291 1217 385 1281 dives
407 1218 483 1279 eris.
527 1215 617 1310 Quae
639 1215 709 1278 data
728 1216 876 1298 pertinax

160 1318 315 1383 Fortunae
338 1319 468 1403 fragilis
489 1339 622 1379 munera
643 1316 780 1400 respuis,

451 1421 480 1480 A
502 1434 534 1482 te
554 1420 681 1504 plenius
703 1418 864 1502 impetras.

163 1518 279 1584 Gaudet
300 1520 376 1586 diva
398 1521 529 1607 quidem
550 1520 679 1582 mobilis
701 1521 809 1604 appeti

162 1621 380 1709 servilemque
401 1623 501 1709 thi
521 1621 634 1707 vulgus
657 1620 696 1683 ad
718 1621 868 1685 ambitum
879 1644 890 1702 3

161 1722 208 1798 Ut,
232 1746 310 1810 quas
331 1744 430 1789 caeca
449 1744 548 1786 nuces
570 1724 701 1807 spargit,
722 1723 888 1788 arentibus

450 1823 571 1887 'rur-his
594 1823 747 1908 diripiant
766 1847 887 1888 manus.

162 1924 221 1985 Sed
240 1942 276 1990 tu
295 1927 386 2011 pelle
408 1925 533 2010 procul,
559 1947 623 1989 neu
642 1927 812 1989 tremulum
835 1925 916 1993 velis

161 2027 326 2091 incurvare
352 2051 446 2113 genu,
474 2050 537 2092 neu
558 2029 679 2092 laribus
700 2050 810 2116 vagam
1001 2032 1033 2091 10

162 2127 311 2212 Dignatus
334 2130 497 2193 dominam
520 2132 709 2215 suppliciter
728 2133 830 2216 pedes

449 2234 551 2315 Turpi
573 2233 734 2317 stringere
757 2235 868 2296 basio(

164 2327 214 2388 Sin
236 2329 352 2394 fractis
374 2332 528 2396 humilem
551 2355 676 2419 cunque
701 2335 860 2400 subiverit

162 2429 262 2494 Portis
284 2435 357 2518 ipsa
381 2432 519 2510 domurn,
542 2456 599 2497 sau
619 2435 745 2498 trabeas
766 2437 853 2503 ferat

165 2528 223 2594 Seu
245 2549 399 2612 caestum,
419 2537 542 2619 pariter
563 2536 682 2601 cedere
702 2540 831 2602 nescius
1002 2541 1033 2595 1⁵

450 2637 514 2699 Dic
536 2638 576 2700 ad
598 2640 707 2702 limina
729 2641 860 2706 ianuae:

164 2729 242 2826 Quas
265 2739 433 2819 promittis
456 2760 546 2822 opes,
568 2741 627 2803 iam
651 2755 765 2805 teneor
787 2766 893 2806 meum
915 2761 975 2822 est,

166 2830 323 2924 Quidquid
342 2860 464 2925 sperno
488 2841 544 2902 tui.
590 2843 642 2904 Nil
666 2845 868 2928 cupientibus
950 2905 955 2912 .

162 2931 198 2996 Et
217 2936 261 2998 nil
282 2939 400 3004 deesse
424 2956 551 3024 potest3
580 2965 620 3006 ex
644 2945 747 3008 solido
770 2930 862 3010 bona*

452 3048 546 3106 Mens
569 3066 698 3130 semper
720 3047 784 3111 sibi
807 3047 937 3113 sufficit.
1001 3055 1035 3110 20

495 3247 649 3264 m
