2600 4284
263 516 326 587 346
499 562 504 573 ,
569 512 671 568 sacam
691 513 783 569 mua

263 687 423 753 Mulciber
446 684 540 766 (haec
563 682 647 748 sams
668 692 734 764 est)
756 685 888 749 uxorius
912 700 947 749 nt
971 687 1131 769 placeret

892 807 1020 871 aegrae,

349 892 507 966 (Vexabst
528 911 657 975 aegram
675 888 846 971 coniugem
870 888 1053 965 catarrhus)

264 992 583 1058 Sollicitusmorbum
592 991 757 1075 depellere
767 988 983 1076 frigidumque
997 995 1123 1058 tussim

346 1095 495 1180 Implevit
510 1116 568 1158 ora
588 1093 728 1157 fontium
749 1092 868 1155 calore.

259 1196 363 1261 Durat
384 1195 487 1261 adhuc
514 1195 685 1279 multisque
707 1194 787 1259 locis
813 1193 930 1279 quibus
951 1209 1097 1262 aestuant
1123 1206 1161 1259 35

886 1314 1037 1372 caverna,

348 1396 489 1460 Telluris
509 1397 591 1459 uber
613 1394 793 1461 flammeum
811 1396 973 1481 liquescit.

260 1497 381 1563 Balnea
401 1512 531 1561 naturae
554 1498 707 1563 Vulcania
729 1498 946 1579 nominsmnsr
980 1498 1047 1561 illis

346 1601 444 1665 Larat
462 1600 570 1663 Dione
591 1600 809 1686 concolorque
831 1620 924 1663 sexus

258 1700 1114 1788 Rsrsvehuntpurumismssuminssordibualiquorem

346 1803 447 1865 lllime
468 1826 542 1869 rara
561 1804 661 1867 trudit
682 1826 761 1869 urna
782 1804 909 1869 vitrum.
1115 1812 1153 1866 te

263 1906 366 1991 Saepe
388 1904 517 1990 quidem
536 1907 796 1992 primoPimplea
810 1903 954 1969 ferocius
967 1908 1105 1971 scaturit

348 2008 496 2093 Geluquu
516 2023 635 2072 castum
653 2010 825 2093 pollicetur
846 2007 941 2071 unda.

261 2109 289 2173 F
290 2110 373 2176 aedo
392 2112 548 2195 polluitur
565 2124 638 2175 mo‘x
658 2110 793 2175 crimine
811 2110 1005 2195 molliorque
1021 2110 1113 2175 Baiis

345 2215 486 2277 Enervat
505 2226 592 2277 artus
619 2212 856 2298 forminumque
877 2210 993 2275 fundit.

262 2315 410 2383 Vertitur
431 2315 465 2375 in
484 2314 604 2380 fontem
625 2329 699 2398 post
720 2314 781 2379 fata
795 2314 990 2379 libidinosus
1008 2314 1099 2393 Acis,
1112 2320 1144 2373 45

347 2419 471 2478 Incesta
492 2416 604 2497 Byblis
625 2418 721 2483 solvit
740 2438 798 2479 ore
820 2417 934 2479 rivum.

260 2520 362 2586 Fonte
384 2518 438 2583 vel
456 2518 601 2601 inspecto
616 2518 783 2584 Narcissus
800 2518 914 2583 amavit
930 2516 1111 2581 insolenter

345 2619 570 2683 Desideratum
591 2641 627 2683 se
650 2620 713 2685 sibi
736 2633 895 2703 precatus.

259 2721 406 2805 Alpheus
426 2721 559 2807 fugitiva
583 2737 666 2798 tuos,
696 2722 874 2795 Arethusa,
896 2721 987 2786 novit
1002 2722 1108 2807 igneis

344 2826 519 2909 Antrisque
540 2844 633 2889 coeca
655 2824 739 2887 surtn
761 2825 819 2887 sub
841 2824 969 2887 sicania.
1107 2826 1141 2877 ⁵⁰

260 2928 411 3013 Denique
432 2924 509 3013 quid
529 2925 684 3009 Paphium
706 2927 814 2991 multis
835 2948 915 3011 opus
944 2926 1107 3008 explicare

887 3026 1036 3112 partum?

345 3132 509 3213 Loquetur
530 3130 601 3213 ipse
621 3127 829 3213 nominetqua
850 3144 993 3195 matrem.

259 3231 426 3295 Nammals
438 3230 465 3292 si
473 3251 591 3295 corvus
598 3230 689 3314 ponit
701 3232 803 3295 malus
814 3251 872 3295 ovs
882 3230 999 3315 furque
1008 3230 1102 3307 iuris,

345 3329 498 3393 Confecta
519 3351 572 3393 res
596 3346 645 3394 est
668 3346 700 3395 et
719 3332 823 3415 lupam
844 3346 999 3395 tenemus.
