2600 4284
408 540 590 612 Lyricorum
607 538 672 599 Lib.
692 540 745 597 lV·
766 547 790 597 1.
978 542 1043 614 295

203 714 296 778 Haec
316 713 389 777 vlico
410 728 517 778 vates:
539 716 655 797 Magna
678 708 863 777 sonantibus

202 817 397 901 Plerumque
418 815 532 878 buccis
554 834 629 897 apes
651 814 791 878 tumidae
811 828 961 901 crepant3

243 918 429 1000 Disrumpit
449 915 578 979 inflatos
598 936 720 999 vapore

282 1018 459 1082 Immodico
480 1038 582 1101 vapor
606 1018 676 1100 ipse
695 1015 816 1080 lolleis.

200 1196 266 1259 Sed
287 1198 348 1261 ista
368 1220 467 1263 cursu
488 1200 550 1262 iam
569 1198 696 1261 medior
718 1197 809 1261 fores
1006 1196 1039 1251 ⁶⁶

199 1300 405 1363 Periculosae
429 1301 483 1365 vix
502 1300 701 1384 patefecerat

241 1404 336 1464 lanus
359 1402 593 1477 Bohemorum‚
616 1419 648 1467 et
668 1403 828 1465 micabant

284 1504 397 1567 Castra
419 1504 483 1567 tuis
504 1504 682 1567 Alemanna
701 1502 858 1568 rhombis.

202 1684 376 1767 Prsgensis
399 1705 438 1747 ex
459 1704 522 1769 quo
544 1682 668 1769 perlida
689 1681 773 1750 futili

203 1784 326 1849 Vexilla
348 1786 432 1849 fastu
452 1789 584 1872 regulus
606 1782 729 1861 extulit,

241 1886 307 1949 Sub
330 1889 443 1951 Martis
463 1890 639 1952 alternante
661 1886 760 1951 lluotu

282 1988 388 2083 Quam
409 1990 517 2054 varios
539 2010 694 2074 superare
713 2008 805 2055 ossus

201 2172 310 2233 Virtus
332 2170 459 2256 adegit!
482 2172 594 2267 Qualis
617 2172 650 2233 in
671 2173 848 2236 Herculem

200 2273 342 2335 Noverca
362 2277 442 2337 luno
458 2288 569 2360 totque
589 2275 774 2357 sequacium

243 2376 392 2438 lnventor
412 2378 610 2458 Eurystheus
631 2377 776 2440 laborum
938 2411 942 2419 ·
1001 2372 1034 2425 75

284 2476 430 2541 incubuit
450 2476 615 2560 duplicare
635 2478 742 2541 lessus

203 2660 347 2722 Portenta
371 2678 485 2721 servo:
510 2657 706 2721 dorcadum
729 2680 824 2721 manu

204 2758 331 2821 lindisse
353 2758 433 2822 felix
457 2758 573 2822 ordine
596 2759 746 2845 singula*

242 2862 435 2945 Nessumque
460 2861 603 2923 stravisti
623 2877 655 2923 et
676 2862 804 2923 leonem

283 2962 488 3045 Degenerem
508 2962 754 3047 ignivomosque
779 2977 889 3026 tauros

206 3141 401 3228 Hydramque
422 3136 571 3227 visasque
593 3136 651 3206 ore
672 3142 846 3206 nocentius

209 3247 303 3308 Lerna
323 3266 481 3309 venenum
505 3266 660 3329 spargere
682 3246 821 3328 viperas.

244 3349 338 3429 Rupta
361 3363 411 3411 est
432 3348 610 3433 inaequalis
633 3361 744 3409 catena

281 3450 342 3511 'l'ot
363 3450 700 3532 scelerum'pereunte
721 3442 817 3512 noto.
