2600 4284
225 521 227 524 ’
276 527 318 594 28
598 521 699 580 Jacobt
715 522 804 578 Baldo

317 697 426 760 Nativa
449 697 538 781 longi
560 698 642 760 linea
666 696 813 782 corporis

316 801 358 861 Et
379 797 491 861 umbra
516 796 620 871 nobis,
653 799 755 884 qualis
776 798 947 883 imaginum

357 899 465 962 Prima
489 899 693 963 colorandam
715 897 817 983 figura

402 1000 579 1064 Proiicituu
601 1000 691 1063 rudis
712 1001 746 1062 in
769 1002 928 1076 tabellum,
1133 1011 1173 1060 2⁰

317 1150 453 1216 suffecit
472 1151 565 1233 olim3
589 1174 673 1216 nunc
695 1175 823 1240 quoque
845 1151 973 1216 sufficit.

316 1257 451 1315 Tantum
471 1269 546 1338 opto
562 1255 687 1340 pulpae,
712 1270 862 1340 quantum
884 1255 994 1318 oculus
1008 1270 1131 1338 potest

364 1354 507 1419 Obtusus
538 1354 577 1417 ad
599 1356 690 1417 lunae
712 1356 874 1418 lucernam

400 1455 530 1518 Auxilio
554 1456 657 1519 vitreo
678 1456 773 1518 tueri.

318 1606 472 1691 Pingueis
498 1608 647 1672 tabernas
668 1631 726 1692 par
748 1609 871 1672 animus
892 1605 979 1672 subit
1129 1605 1165 1654 ‘²5

314 1708 354 1769 Et
376 1708 446 1790 ipse
468 1709 609 1794 pinguis.
653 1717 746 1773 Meus
764 1712 849 1774 bona
869 1706 1001 1791 sepibus

357 1811 417 1878 Vel
440 1809 542 1874 osseis
565 1824 713 1874 contentu
735 1810 812 1874 vivit

399 1913 441 1971 Et
460 1910 605 1974 modicos
629 1911 737 1976 statuit
754 1912 900 1995 penateis

317 2059 463 2145 Frugalis
485 2063 621 2146 hospes3
658 2078 774 2149 quanto
796 2063 920 2130 habitet
939 2062 1022 2136 loco,

314 2161 368 2224 Nil
393 2162 545 2242 interest3
570 2185 642 2228 mox
665 2187 699 2230 se
722 2166 939 2250 speculabitur
1036 2181 1040 2188 ·
1128 2164 1164 2216 3⁰

355 2267 541 2326 Immensum
564 2279 596 2328 et
618 2282 767 2330 aetetuos
790 2267 825 2329 in
846 2267 955 2332 oubeio

396 2366 467 2428 Non
489 2363 639 2430 bumileis
661 2366 747 2430 feret
767 2369 828 2432 altu
848 2388 951 2434 curuo.

316 2501 381 2565 Sed
402 2516 435 2564 tu
457 2502 568 2588 sagina
588 2523 691 2590 perge
712 2503 904 2568 Sabellieum

314 2605 462 2686 Aequam
484 2621 642 2686 porcum
673 2625 776 2690 perge
798 2606 944 2692 capacius

354 2702 477 2766 Dolere
500 2706 739 2791 Troianumque
762 2710 886 2794 magnis

397 2805 559 2868 sumtibus
581 2807 753 2874 aedificare
774 2829 901 2898 corpus.

312 2958 375 3031 Me,
402 2977 452 3018 me
475 2957 557 3024 hirta
579 2961 684 3046 pellis,
709 2984 759 3026 me
782 2963 881 3028 faciet
904 2962 990 3028 iuvet

313 3055 538 3139 Paphnutianis
561 3060 695 3125 horrida
715 3064 851 3130 vallibus

354 3157 551 3244 Multumque
574 3160 683 3225 sidens
712 3178 745 3226 et
766 3166 818 3230 vel
840 3167 931 3251 ipsit,

394 3258 435 3321 Ni
456 3259 588 3344 fugiunt,
614 3266 784 3332 metuenda
803 3269 930 3334 Faunis.
1114 3274 1152 3327 ⁴⁰

667 3372 790 3386 ⁸-
