2600 4284
259 506 321 587 258
560 496 662 555 Jeeulsl
682 493 771 551 ualde

303 673 477 751 Melania)
497 684 529 735 et
551 670 609 735 tub
631 669 772 739 verbere
794 664 960 748 supplicat.
1079 662 1085 674 '

303 776 467 842 Nescimus
495 771 580 837 eheu
600 770 781 853 degeneres
800 765 884 851 pati!

347 880 525 961 Centraque
547 875 722 938 Fortunam
742 866 922 950 triumphos

388 980 438 1039 Ex
457 976 578 1061 popule
600 991 758 1055 reperere
778 967 881 1052 pauci.

307 1150 397 1211 Haec
418 1160 485 1209 tota
505 1144 533 1206 ai
554 1164 619 1208 non
639 1140 742 1204 irruat
761 1139 796 1201 in
817 1149 910 1218 caput

309 1252 495 1332 Corpuaqne
513 1256 631 1317 verset,
658 1241 795 1325 qualiter
815 1237 933 1301 arduus

350 1346 499 1418 versavit
518 1343 664 1410 Entellus
685 1344 806 1405 Dareta

394 1451 477 1512 Ante
497 1448 615 1516 berem
638 1464 736 1527 snper
756 1462 831 1505 arra
852 1438 968 1511 fusum,
1043 1434 1046 1439 ’

187 1613 191 1621 ’
311 1617 458 1684 Nondum
479 1613 593 1700 peristi
617 1611 762 1696 quiaquia
784 1629 820 1671 ea
840 1608 963 1671 Alsatat

313 1726 452 1785 Resume
472 1716 572 1789 vires,
598 1711 728 1779 extrahe
750 1710 879 1794 spicula,

357 1822 530 1882 contemne
552 1812 732 1900 proscribi:
765 1823 925 1873 memento

397 1920 502 1985 Omne
524 1918 627 1980 solum
646 1913 783 1997 patriam
803 1929 875 1974 ease
897 1906 986 1973 forti.

316 2096 442 2154 Tuaene
463 2090 525 2150 lato
546 2088 596 2151 vis
619 2084 743 2147 Ithacae
764 2081 871 2145 focum

315 2191 488 2259 Praeferre
510 2184 649 2249 mundo?
671 2189 835 2267 Rumpere
854 2181 1000 2266 pertinax

361 2292 505 2356 Adversa
529 2303 670 2351 servatos
693 2285 838 2369 penateis

402 2396 467 2456 Fer
487 2413 547 2476 per
567 2409 662 2475 aquas
684 2387 875 2470 cineresque
897 2400 1013 2452 tecum.

321 2593 395 2652 Hoc
413 2585 530 2650 creber
550 2585 672 2670 Anglns
694 2582 761 2647 aole
781 2583 967 2647 Britannice

320 2687 488 2763 Diductus,
509 2686 571 2750 hoc
595 2699 627 2748 ct
648 2684 712 2746 dux
732 2684 934 2746 Telamonius

364 2790 511 2853 Tentavit
530 2787 754 2871 Anchisaeque
778 2784 906 2871 sanguis

408 2894 473 2954 Per
495 2889 611 2971 Tyrios
633 2888 829 2973 Rutulosque
850 2906 991 2971 sparsus.

326 3098 502 3194 Quisquam
522 3110 655 3179 paterna
674 3093 804 3161 destitui
825 3092 928 3178 gemis

327 3198 480 3265 Tellure?
502 3202 669 3281 Nunquam
686 3194 861 3260 virbonus
882 3192 996 3258 exulat.

369 3298 561 3367 Vindemia?
585 3296 650 3361 Sed
664 3295 757 3366 dulce
777 3310 931 3364 muttum,

411 3402 495 3463 lutra
516 3397 638 3463 animos
657 3395 727 3463 fluit
750 3412 843 3482 atque
865 3417 962 3465 renas
