2600 4284
427 474 598 546 Lyricorum
614 475 680 531 Lib.
699 479 750 537 tv.
768 484 794 537 3.

207 642 272 707 Seu
295 668 381 711 more
403 648 460 710 teli
481 648 560 711 iacta
583 648 718 731 Cydonii

206 746 271 807 Seu
291 748 361 811 nixa
383 750 500 832 pennis
522 765 594 813 vota
617 752 822 833 supervolant

245 850 287 912 Et
309 853 590 934 concupiscentem
613 867 790 937 sequuntur

286 954 401 1037 Usque.
427 952 501 1016 Suis
523 966 648 1037 poterat
670 954 797 1037 quietus

201 1134 326 1198 Xerxes
347 1149 379 1198 et
393 1136 482 1199 omni
504 1150 586 1199 tutus
606 1136 645 1197 ab
668 1137 789 1202 ambitu

199 1236 345 1301 Haerere
367 1237 486 1313 Medis,
512 1239 546 1299 ni
566 1238 807 1305 Lacedaemona

240 1339 352 1401 Stultis
376 1339 591 1405 lacessiriaset
612 1342 710 1403 armis

278 1441 378 1503 Plura
398 1441 509 1507 avidus
530 1443 685 1525 rapuisse,
707 1464 799 1529 quam
822 1465 903 1529 quae

198 1622 338 1687 Fortuna
358 1639 470 1707 posset
489 1645 693 1711 concoquere
715 1624 867 1690 etiamen

199 1726 290 1788 Tanti
309 1727 425 1791 leonis.
458 1726 688 1812 thermopylas
710 1751 807 1813 supra

237 1829 407 1892 Grassatus
428 1829 654 1913 Aegaeumque
676 1844 809 1915 pontum

276 1930 378 2014 Rupit
397 1930 506 1994 Athon
525 1931 688 2015 petulante
710 1933 815 2012 bello;

196 2112 352 2198 Uarique,
375 2137 492 2179 nornen
514 2138 575 2201 qua
591 2113 786 2197 Nepheleias

196 2216 327 2282 Mutavit
346 2217 453 2292 Helle,
477 2216 642 2301 supposito
664 2215 766 2299 pedes

237 2317 335 2385 Velut
353 2318 535 2401 pavimento
561 2318 720 2403 choragus

280 2420 413 2493 insiluit,
435 2440 602 2483 numerum
625 2417 853 2504 quadrigarum

199 2602 345 2689 Aequana
368 2603 505 2667 carinis:
535 2601 720 2665 fluminibus
742 2600 827 2663 sitim

199 2704 330 2769 Minatus
353 2706 437 2769 eheu
457 2704 602 2789 perdidit
627 2705 735 2768 omnia

239 2807 467 2894 sceptrumque
495 2827 667 2891 remosque
688 2821 722 2869 et
743 2800 870 2887 flagella

276 2911 372 2973 Exsul
400 2908 493 2973 etad
515 2908 674 2972 Salamina
694 2906 807 2970 victua.

202 3093 243 3155 At
262 3111 351 3175 quem
374 3088 506 3175 superbi
528 3088 668 3151 nominis
690 3082 826 3167 hybrida

204 3191 425 3277 superbiorem
447 3190 651 3274 Bucephalus
672 3188 755 3262 tulit,

241 3297 310 3357 Post
330 3308 422 3377 terga
445 3293 618 3375 contempti
640 3291 752 3353 relicta

278 3394 360 3459 Sede
380 3395 482 3479 patria
502 3400 724 3476 Macetumque
744 3404 832 3453 terra

779 3495 813 3544 ‘20
