2600 4284
279 538 344 606 27⁰
594 534 805 589 laomim

320 708 427 775 ulem
447 705 610 789 spargeris
629 706 665 767 in
684 706 783 789 pilam

362 810 498 881 Frueris,
519 828 580 890 qua
602 807 730 879 recidit,
751 807 1012 871 dissilientibus?

319 910 422 983 Felix,
446 910 502 993 qui
522 909 604 971 nihil
625 909 781 983 aestimat,

361 1012 414 1071 Nil
434 1010 571 1073 mortale
590 1009 689 1093 petit,
717 1024 909 1093 perpetuum
931 1034 1019 1087 suus,

318 1116 484 1195 Nunquam
507 1111 652 1173 subditus
672 1109 802 1172 inlinis.
1128 1133 1165 1182 55

360 1215 447 1279 Veto
467 1213 561 1275 deme
578 1228 645 1286 tuo,
671 1210 760 1296 quud
781 1212 873 1297 cupis
891 1213 1055 1294 additum

318 1318 434 1379 Brutas
454 1315 531 1377 siste
552 1312 731 1396 cupidines.

360 1419 448 1479 Intra
469 1430 502 1479 te
526 1415 642 1476 melior
662 1435 737 1497 pars
759 1414 858 1477 Asiae
878 1414 962 1478 iacet

320 1520 362 1580 Et
383 1538 454 1579 cum
474 1515 625 1579 litoribus
646 1517 745 1579 maris

362 1620 576 1701 Europaeque
597 1617 702 1677 sinum
723 1616 846 1681 claudis
868 1630 902 1680 et
921 1616 1056 1681 Africae
1129 1631 1163 1682 6⁰

315 1718 418 1783 Dives
440 1720 590 1781 censibus
611 1718 759 1802 integris,

362 1820 451 1915 Quos
476 1821 554 1883 clim
577 1818 683 1881 stabili
705 1818 778 1881 iure
797 1818 924 1882 fidelius

318 1921 446 1984 Pendes
472 1921 542 2004 ipse
565 1936 637 1984 tuus
659 1919 730 1994 tibi,

359 2024 462 2118 Quum
484 2025 625 2085 Fortuna
645 2022 737 2084 daret
756 2022 871 2085 fallere
891 2024 1056 2107 pervicax.

318 2124 433 2188 Paucis
455 2124 564 2207 accipe
585 2124 743 2207 plurima:
1126 2130 1157 2183 ⁶5

360 2229 395 2292 Si
404 2226 589 2313 quidmaius
606 2222 717 2307 habes,
732 2246 824 2309 quam
836 2224 923 2309 quud
938 2244 984 2301 es,
996 2225 1104 2287 omnia

320 2334 392 2393 Uno
416 2330 474 2391 sub
497 2326 588 2390 radio
609 2340 719 2390 tenes:

361 2432 418 2495 Sin
440 2428 518 2492 illud
542 2429 645 2490 minus
669 2446 734 2500 est,
756 2448 879 2513 pauper
900 2447 935 2490 es
956 2429 1111 2492 omnium.

498 2632 547 2695 In
565 2634 734 2696 Puerum
756 2632 888 2695 Iesum

479 2752 521 2801 nt
542 2753 603 2802 eius
629 2750 767 2815 Vitam
782 2750 915 2800 Matrem.

275 2864 410 2929 Carmen
432 2860 581 2925 Seculare
608 2876 764 2924 cantatum
781 2858 930 2924 Calendis
951 2858 1116 2923 Ianuariis.

577 3004 607 3070 Ο
629 3003 708 3071 ΠΕ
749 3004 816 3067 XL.

314 3118 526 3209 formosum,
552 3133 657 3217 pueri,
683 3131 782 3195 dicite
803 3129 929 3203 Filium,

316 3240 447 3299 Matrem
468 3234 647 3319 virgineam
668 3234 777 3308 dicite,
797 3233 951 3317 virgines,

358 3335 578 3419 Dignatosquc
602 3335 710 3398 sonari

403 3434 540 3496 Summis
561 3435 664 3497 tollite
684 3433 848 3499 leudibus:
