2600 4284
262 511 326 582 450
563 503 667 563 iacobi
684 501 772 561 Baldo

385 680 447 746 Ad
465 681 746 758 wolfgangum
767 679 976 742 Mtrtetum·

262 790 1125 859 uaeopmosoptutaruamm,qacosuractumaasvocanr.

361 889 410 950 Ex
429 887 614 951 Bardeaane
634 887 719 949 Hiat.
740 886 851 968 Babyl.
874 899 908 949 et
929 885 1012 948 aliia.

557 1002 588 1064 Ο
601 1001 633 1063 D
647 1001 676 1061 E
706 1001 818 1067 xv111.

261 1119 394 1200 Dulcia
416 1134 533 1210 Miriai
557 1131 663 1197 auaris
686 1131 801 1195 artium
821 1131 925 1216 lepor,

304 1238 432 1300 Festive
456 1241 615 1300 Musarum
637 1250 741 1319 pater,

263 1340 367 1434 Quem
390 1337 505 1401 blanda
528 1338 676 1399 inauras
700 1337 769 1421 ipsa
793 1336 905 1405 Virtus
929 1331 1037 1398 edidit

305 1440 463 1525 Multique
485 1439 606 1525 splenis
629 1437 749 1513 Gratia,

262 1543 385 1606 Mirare
408 1562 532 1604 meeum
555 1540 660 1602 mollis
683 1537 789 1603 Indiae
812 1539 931 1624 sophor
1141 1559 1156 1609 5

304 1643 476 1729 Regnique
499 1641 640 1704 Athenae
663 1639 805 1706 barbari.

263 1749 392 1830 Europa
411 1767 476 1809 non
498 1758 547 1807 eat
569 1744 645 1820 sola,
673 1762 754 1828 quae
776 1741 888 1808 doctos
911 1757 1013 1822 creat,

307 1847 468 1910 Troianus
488 1861 523 1909 ut
545 1845 661 1910 forteia
685 1866 796 1929 equus.

266 1947 467 2044 Quandoque
491 1946 607 2032 dignus
628 1949 805 2011 aemulator
826 1947 970 2012 Socratis

307 2050 405 2113 Coelo
428 2048 486 2112 aub
508 2048 595 2112 omni
617 2048 768 2112 nascitur.
1119 2059 1151 2114 ¹⁰

264 2152 409 2235 Cangoxa
434 2151 536 2213 stellis
557 2151 672 2224 clarus,
696 2149 796 2214 tzasso
819 2153 908 2229 mari,

306 2257 460 2316 Xacottus
483 2276 543 2315 usu
564 2253 744 2336 germinum

265 2353 336 2416 Indi
358 2353 451 2416 suere
459 2376 469 2433 ;
495 2352 577 2415 sama
597 2352 811 2418 Brachmanae
834 2352 919 2417 canit

305 2459 381 2518 Late
407 2476 469 2539 per
491 2453 604 2517 orbern
626 2454 738 2520 didita.

265 2555 400 2621 Student
423 2571 454 2619 et
477 2555 530 2618 isti
553 2556 712 2618 curiosam
733 2576 856 2642 ponere

305 2660 341 2718 ln
363 2656 452 2720 fonte
479 2670 609 2720 naturae
631 2658 727 2721 sitim.

262 2761 334 2821 Hos
356 2759 455 2820 mirua
478 2779 579 2843 aeque
601 2759 704 2822 nodus
727 2761 761 2822 in
784 2760 892 2844 scirpo
914 2757 1004 2822 iuvat

307 2863 351 2921 Et
372 2880 479 2922 musea
498 2880 568 2922 eum
590 2859 798 2942 proboscide,

264 2958 421 3044 Ordoque
444 2981 551 3024 rerum
573 2983 674 3024 nexus
697 2979 730 3028 et
751 2964 893 3050 gaudena
915 2963 1003 3048 rapit

307 3061 427 3146 indago
450 3063 522 3123 reri
541 3062 669 3126 tortilia.
1113 3069 1142 3122 tt

265 3161 437 3224 Sedenim
461 3163 605 3226 laborant
627 3163 745 3228 fodere
768 3187 935 3232 causarum
958 3163 1070 3230 abdita

348 3263 493 3348 Diesque
518 3265 652 3347 iungunt
674 3266 822 3331 noctibus
830 3289 841 3349 3

263 3365 334 3426 Nou
354 3374 387 3421 ut
404 3376 576 3441 protervae
599 3365 717 3430 Bonaii
740 3369 913 3453 superbiae

302 3461 345 3522 Et
365 3459 539 3540 intepentia
560 3464 682 3549 ingeni,
