2600 4284
445 450 538 554 Liber
554 497 687 572 Rpodom
707 506 746 556 tr.
969 500 1033 571 449

148 674 212 736 cui
240 672 324 736 furis
353 671 529 736 indomitae
557 685 733 736 monstrum
760 670 970 736 memorabile

787 773 917 850 buccae,

192 881 269 940 Non
291 888 408 960 aequet
430 894 525 958 qoam
546 872 714 957 plumbeus
737 891 856 938 auster.

146 978 331 1062 Nympham
353 991 446 1039 canto
469 997 583 1043 meam.
605 977 712 1042 Nisam
733 993 824 1044 canat
845 977 926 1040 alter
944 988 977 1038 et
1017 985 1034 1037 δ

793 1079 874 1143 alter

192 1181 309 1264 Usque
332 1201 419 1242 suam
440 1181 584 1243 Pholoen
592 1201 602 1260 3
627 1180 698 1263 quis
723 1181 875 1262 Amyntae

146 1281 282 1344 Invidet
303 1297 412 1366 arguta
434 1281 596 1344 resonanti
618 1281 766 1363 Phyllida
788 1279 916 1344 canna?

191 1383 280 1481 Quis
303 1387 450 1468 Mopsum
471 1397 555 1448 vetat
577 1402 648 1445 esse
672 1383 826 1466 poetam?

145 1485 255 1570 Atqui
276 1500 385 1547 nostra
404 1484 481 1547 deas
503 1483 606 1546 forma
622 1486 842 1567 supereminet
861 1481 999 1557 omneis,

189 1590 238 1650 Ut
258 1586 376 1650 cedrus
398 1585 562 1669 despectat
583 1585 705 1648 aristas.
999 1591 1032 1648 to

144 1689 332 1752 Ambrosio
354 1689 435 1753 talos
458 1687 619 1750 avertice
642 1687 746 1751 nullus
769 1687 809 1754 ad
830 1687 911 1751 imos

195 1793 327 1852 Naevus
348 1791 432 1853 ebur
453 1789 544 1853 vitiat
566 1789 753 1854 Marianum.

145 1894 343 1974 Purpureus
359 1892 514 1954 sedenim
527 1891 630 1954 radiet
642 1891 729 1975 quod
745 1895 855 1958 Matris
871 1895 904 1956 in
921 1916 979 1960 ore

191 1994 317 2069 Filios,
340 1993 421 2057 haee
444 1992 580 2056 similem
601 1992 665 2054 sibi
687 1995 798 2057 Natum

145 2092 333 2178 Apprimat‚
358 2112 393 2160 ut
406 2095 500 2159 lentis
518 2093 649 2157 hederis
666 2095 874 2182 adstringitur
893 2097 966 2177 ilex,
1003 2105 1034 2157 tt

191 2199 303 2258 Paene
325 2217 455 2281 erepast
476 2197 660 2280 utinamque
684 2201 859 2281 crepares!

145 2296 280 2373 Malles,
303 2317 422 2371 scurra,
452 2311 534 2359 tuam
559 2297 679 2358 cantari
702 2297 898 2364 Deianiram.

189 2400 312 2482 Perg'e,
341 2399 455 2473 scelus,
475 2399 576 2460 miser
598 2418 686 2460 esse:
710 2399 822 2463 dolere

149 2499 188 2562 Si
213 2500 315 2583 cupis,
341 2502 466 2585 augebo
487 2499 624 2563 stimulis
646 2499 818 2563 inamabile
842 2519 968 2573 votum:

188 2601 270 2660 Nam
292 2601 450 2664 Dominae
472 2603 542 2684 plus
564 2599 711 2663 laudibus
735 2601 858 2665 addam.
999 2615 1035 2670 ’λθ

147 2702 191 2762 Et
212 2698 310 2763 modo
331 2703 481 2786 populeis
501 2701 659 2768 mandabo
681 2705 810 2766 nomina
831 2709 954 2771 truncis

194 2802 281 2864 Vere
304 2822 389 2866 novo
411 2805 589 2865 crescentia
611 2805 698 2887 late3

149 2899 307 2966 Aurilluis
327 2903 594 2967 modolemnisois
618 2907 763 2971 encomia
787 2913 912 3003 cingam

189 3004 287 3065 Astra
308 3025 407 3088 super
429 3005 618 3070 ducentibus
641 3007 742 3071 horis.

150 3105 217 3165 Nec
239 3104 333 3186 prius
355 3107 504 3171 absistam
522 3109 614 3173 tactis
634 3109 673 3173 ad
696 3113 836 3178 carmina
857 3116 967 3181 nervia
998 3127 1032 3184 2⁵

194 3205 366 3290 Virginem
389 3227 583 3291 percurrere
608 3211 711 3287 dotes,

98 3338 99 3379 a
153 3305 252 3401 Quam
266 3321 318 3372 tua
325 3330 407 3392 prae
421 3310 511 3372 rabie
527 3328 715 3398 rumpantur
736 3327 768 3379 et
788 3314 842 3379 ilia
853 3317 969 3382 latrent

194 3408 341 3474 Sicanios
364 3410 483 3474 imitata
504 3415 675 3478 Molossos.

760 3549 793 3600 20
