<?xml version="1.0" encoding="UTF-8"?>
<!DOCTYPE html PUBLIC "-//W3C//DTD XHTML 1.0 Transitional//EN"
    "http://www.w3.org/TR/xhtml1/DTD/xhtml1-transitional.dtd">
<html xmlns="http://www.w3.org/1999/xhtml" xml:lang="en" lang="en">
 <head>
  <title>
</title>
<meta http-equiv="Content-Type" content="text/html;charset=utf-8" />
  <meta name='ocr-system' content='tesseract 3.04.00' />
  <meta name='ocr-capabilities' content='ocr_page ocr_carea ocr_par ocr_line ocrx_word'/>
</head>
<body>
  <div class='ocr_page' id='page_1' title='image "./jacobibaldecarm00mlgoog_0581.png"; bbox 0 0 2600 4284; ppageno 0'>
   <div class='ocr_carea' id='block_1_1' title="bbox 459 544 974 621">
    <p class='ocr_par' dir='ltr' id='par_1_1' title="bbox 459 544 974 621">
     <span class='ocr_line' id='line_1_1' title="bbox 459 544 974 621; baseline -0.008 -18"><span class='ocrx_word' id='word_1_1' title='bbox 459 544 679 603; x_wconf 81' lang='lat' dir='ltr'><strong>hsssertertins.</strong></span> <span class='ocrx_word' id='word_1_2' title='bbox 932 546 974 621; x_wconf 75' lang='lat'><strong>91</strong></span> 
     </span>
    </p>
   </div>
   <div class='ocr_carea' id='block_1_2' title="bbox 131 716 984 3544">
    <p class='ocr_par' dir='ltr' id='par_1_2' title="bbox 131 716 984 3544">
     <span class='ocr_line' id='line_1_2' title="bbox 131 716 977 792; baseline -0.005 -19"><span class='ocrx_word' id='word_1_3' title='bbox 131 716 421 790; x_wconf 81' lang='lat' dir='ltr'><strong>ltitudoPyrsmidis</strong></span> <span class='ocrx_word' id='word_1_4' title='bbox 433 717 621 792; x_wconf 85' lang='lat' dir='ltr'><strong>physicorum</strong></span> <span class='ocrx_word' id='word_1_5' title='bbox 628 734 722 775; x_wconf 83' lang='lat' dir='ltr'><strong>more.</strong></span> <span class='ocrx_word' id='word_1_6' title='bbox 741 722 886 789; x_wconf 63' lang='lat' dir='ltr'><strong>sanctam</strong></span> <span class='ocrx_word' id='word_1_7' title='bbox 896 726 977 775; x_wconf 74' lang='lat' dir='ltr'><strong>stre.</strong></span> 
     </span>
     <span class='ocr_line' id='line_1_3' title="bbox 131 804 977 874; baseline -0.006 -9"><span class='ocrx_word' id='word_1_8' title='bbox 131 804 334 865; x_wconf 70' lang='lat' dir='ltr'><strong>crosctinec</strong></span> <span class='ocrx_word' id='word_1_9' title='bbox 349 804 521 861; x_wconf 73' lang='lat' dir='ltr'><strong>directanei</strong></span> <span class='ocrx_word' id='word_1_10' title='bbox 538 805 728 874; x_wconf 83' lang='lat' dir='ltr'><strong>horisonteli‚</strong></span> <span class='ocrx_word' id='word_1_11' title='bbox 746 815 779 861; x_wconf 91' lang='lat' dir='ltr'><strong>ut</strong></span> <span class='ocrx_word' id='word_1_12' title='bbox 797 805 884 862; x_wconf 87' lang='lat' dir='ltr'><strong>aiunt.</strong></span> <span class='ocrx_word' id='word_1_13' title='bbox 910 808 977 863; x_wconf 85' lang='lat' dir='ltr'><strong>Um·</strong></span> 
     </span>
     <span class='ocr_line' id='line_1_4' title="bbox 131 891 976 967; baseline -0.002 -18"><span class='ocrx_word' id='word_1_14' title='bbox 131 913 184 949; x_wconf 78' lang='lat' dir='ltr'><strong>ora</strong></span> <span class='ocrx_word' id='word_1_15' title='bbox 201 910 281 948; x_wconf 87' lang='lat' dir='ltr'><strong>vero</strong></span> <span class='ocrx_word' id='word_1_16' title='bbox 297 892 418 966; x_wconf 73' lang='lat' dir='ltr'><strong>sagittae</strong></span> <span class='ocrx_word' id='word_1_17' title='bbox 434 903 483 948; x_wconf 87' lang='lat' dir='ltr'><strong>sut</strong></span> <span class='ocrx_word' id='word_1_18' title='bbox 499 904 625 967; x_wconf 88' lang='lat' dir='ltr'><strong>propter</strong></span> <span class='ocrx_word' id='word_1_19' title='bbox 645 891 826 948; x_wconf 74' lang='lat' dir='ltr'><strong>altitudinem</strong></span> <span class='ocrx_word' id='word_1_20' title='bbox 843 893 901 948; x_wconf 90' lang='lat' dir='ltr'><strong>loci</strong></span> <span class='ocrx_word' id='word_1_21' title='bbox 919 902 976 949; x_wconf 89' lang='lat' dir='ltr'><strong>ter-</strong></span> 
     </span>
     <span class='ocr_line' id='line_1_5' title="bbox 131 978 977 1053; baseline 0.002 -19"><span class='ocrx_word' id='word_1_22' title='bbox 131 998 192 1034; x_wconf 73' lang='lat' dir='ltr'><strong>ram</strong></span> <span class='ocrx_word' id='word_1_23' title='bbox 208 988 335 1050; x_wconf 80' lang='lat' dir='ltr'><strong>tangere</strong></span> <span class='ocrx_word' id='word_1_24' title='bbox 351 996 413 1033; x_wconf 86' lang='lat' dir='ltr'><strong>non</strong></span> <span class='ocrx_word' id='word_1_25' title='bbox 428 989 534 1053; x_wconf 87' lang='lat' dir='ltr'><strong>potest,</strong></span> <span class='ocrx_word' id='word_1_26' title='bbox 552 978 650 1035; x_wconf 88' lang='lat' dir='ltr'><strong>autin</strong></span> <span class='ocrx_word' id='word_1_27' title='bbox 667 979 829 1053; x_wconf 74' lang='lat' dir='ltr'><strong>pyramidis</strong></span> <span class='ocrx_word' id='word_1_28' title='bbox 845 979 977 1035; x_wconf 88' lang='lat' dir='ltr'><strong>umbram</strong></span> 
     </span>
     <span class='ocr_line' id='line_1_6' title="bbox 131 1063 976 1136; baseline 0.002 -17"><span class='ocrx_word' id='word_1_29' title='bbox 131 1074 179 1120; x_wconf 82' lang='lat' dir='ltr'><strong>rut</strong></span> <span class='ocrx_word' id='word_1_30' title='bbox 195 1065 296 1120; x_wconf 87' lang='lat' dir='ltr'><strong>lucem</strong></span> <span class='ocrx_word' id='word_1_31' title='bbox 309 1063 462 1119; x_wconf 81' lang='lat' dir='ltr'><strong>incidit-</strong></span> <span class='ocrx_word' id='word_1_32' title='bbox 480 1084 509 1121; x_wconf 77' lang='lat' dir='ltr'><strong>v.</strong></span> <span class='ocrx_word' id='word_1_33' title='bbox 517 1072 559 1125; x_wconf 83' lang='grc'><strong>39.</strong></span> <span class='ocrx_word' id='word_1_34' title='bbox 572 1071 718 1136; x_wconf 70' lang='lat' dir='ltr'><strong>metros</strong></span> <span class='ocrx_word' id='word_1_35' title='bbox 730 1066 856 1134; x_wconf 83' lang='lat' dir='ltr'><strong>(ruber),</strong></span> <span class='ocrx_word' id='word_1_36' title='bbox 875 1066 976 1122; x_wconf 87' lang='lat' dir='ltr'><strong>Persei</strong></span> 
     </span>
     <span class='ocr_line' id='line_1_7' title="bbox 131 1148 977 1223; baseline 0.007 -19"><span class='ocrx_word' id='word_1_37' title='bbox 131 1151 212 1206; x_wconf 83' lang='lat' dir='ltr'><strong>tilius</strong></span> <span class='ocrx_word' id='word_1_38' title='bbox 232 1159 263 1205; x_wconf 81' lang='lat' dir='ltr'><strong>et</strong></span> <span class='ocrx_word' id='word_1_39' title='bbox 282 1166 335 1205; x_wconf 82' lang='lat' dir='ltr'><strong>rex</strong></span> <span class='ocrx_word' id='word_1_40' title='bbox 350 1148 529 1223; x_wconf 76' lang='lat' dir='ltr'><strong>Erythraeae</strong></span> <span class='ocrx_word' id='word_1_41' title='bbox 553 1170 624 1208; x_wconf 87' lang='lat' dir='ltr'><strong>oras</strong></span> <span class='ocrx_word' id='word_1_42' title='bbox 641 1170 663 1209; x_wconf 88' lang='lat' dir='ltr'><strong>s.</strong></span> <span class='ocrx_word' id='word_1_43' title='bbox 678 1151 764 1209; x_wconf 85' lang='lat' dir='ltr'><strong>maris</strong></span> <span class='ocrx_word' id='word_1_44' title='bbox 783 1151 868 1208; x_wconf 74' lang='lat' dir='ltr'><strong>mabri</strong></span> <span class='ocrx_word' id='word_1_45' title='bbox 885 1152 977 1209; x_wconf 78' lang='lat' dir='ltr'><strong>luisse</strong></span> 
     </span>
     <span class='ocr_line' id='line_1_8' title="bbox 131 1236 977 1311; baseline 0.001 -19"><span class='ocrx_word' id='word_1_46' title='bbox 131 1236 362 1311; x_wconf 87' lang='lat' dir='ltr'><strong>perhibetur.-</strong></span> <span class='ocrx_word' id='word_1_47' title='bbox 378 1252 409 1290; x_wconf 86' lang='lat' dir='ltr'><strong>v.</strong></span> <span class='ocrx_word' id='word_1_48' title='bbox 417 1242 459 1294; x_wconf 79' lang='lat' dir='ltr'><strong>te.</strong></span> <span class='ocrx_word' id='word_1_49' title='bbox 479 1240 586 1308; x_wconf 72' lang='lat' dir='ltr'><strong>Pictis,</strong></span> <span class='ocrx_word' id='word_1_50' title='bbox 600 1258 628 1295; x_wconf 79' lang='lat' dir='ltr'><strong>r.</strong></span> <span class='ocrx_word' id='word_1_51' title='bbox 643 1242 666 1307; x_wconf 86' lang='lat' dir='ltr'><strong>l,</strong></span> <span class='ocrx_word' id='word_1_52' title='bbox 681 1246 706 1306; x_wconf 88' lang='lat'><strong>5,</strong></span> <span class='ocrx_word' id='word_1_53' title='bbox 717 1245 759 1298; x_wconf 84' lang='grc'><strong>39.</strong></span> <span class='ocrx_word' id='word_1_54' title='bbox 770 1272 802 1285; x_wconf 91' lang='lat'>-</span> <span class='ocrx_word' id='word_1_55' title='bbox 819 1256 848 1294; x_wconf 85' lang='lat' dir='ltr'><strong>v.</strong></span> <span class='ocrx_word' id='word_1_56' title='bbox 859 1244 901 1297; x_wconf 86' lang='lat'><strong>51.</strong></span> <span class='ocrx_word' id='word_1_57' title='bbox 924 1242 977 1294; x_wconf 78' lang='lat' dir='ltr'><strong>As·-</strong></span> 
     </span>
     <span class='ocr_line' id='line_1_9' title="bbox 131 1321 974 1398; baseline 0.001 -19"><span class='ocrx_word' id='word_1_58' title='bbox 131 1321 401 1379; x_wconf 63' lang='lat' dir='ltr'><strong>natinatores</strong></span> <span class='ocrx_word' id='word_1_59' title='bbox 418 1339 532 1390; x_wconf 71' lang='lat' dir='ltr'><strong>cumis,</strong></span> <span class='ocrx_word' id='word_1_60' title='bbox 550 1325 658 1398; x_wconf 86' lang='lat' dir='ltr'><strong>quihus</strong></span> <span class='ocrx_word' id='word_1_61' title='bbox 675 1324 833 1381; x_wconf 85' lang='lat' dir='ltr'><strong>utebantur</strong></span> <span class='ocrx_word' id='word_1_62' title='bbox 848 1334 974 1380; x_wconf 86' lang='lat' dir='ltr'><strong>veteres.</strong></span> 
     </span>
     <span class='ocr_line' id='line_1_10' title="bbox 131 1408 978 1484; baseline 0 -19"><span class='ocrx_word' id='word_1_63' title='bbox 131 1442 165 1453; x_wconf 92' lang='lat'>-</span> <span class='ocrx_word' id='word_1_64' title='bbox 181 1430 211 1465; x_wconf 82' lang='lat' dir='ltr'><strong>v.</strong></span> <span class='ocrx_word' id='word_1_65' title='bbox 223 1414 269 1467; x_wconf 77' lang='grc'><strong>54.</strong></span> <span class='ocrx_word' id='word_1_66' title='bbox 288 1408 577 1478; x_wconf 70' lang='lat' dir='ltr'><strong>Loqusllacedonius</strong></span> <span class='ocrx_word' id='word_1_67' title='bbox 587 1410 885 1484; x_wconf 85' lang='lat' dir='ltr'><strong>estpaterPtolemaci</strong></span> <span class='ocrx_word' id='word_1_68' title='bbox 894 1414 913 1465; x_wconf 91' lang='grc'><strong>1.</strong></span> <span class='ocrx_word' id='word_1_69' title='bbox 926 1409 978 1465; x_wconf 88' lang='lat' dir='ltr'><strong>Sc·</strong></span> 
     </span>
     <span class='ocr_line' id='line_1_11' title="bbox 131 1494 979 1567; baseline 0 -16"><span class='ocrx_word' id='word_1_70' title='bbox 131 1498 202 1552; x_wconf 88' lang='lat' dir='ltr'><strong>teris</strong></span> <span class='ocrx_word' id='word_1_71' title='bbox 210 1505 242 1551; x_wconf 91' lang='lat' dir='ltr'><strong>et</strong></span> <span class='ocrx_word' id='word_1_72' title='bbox 248 1494 356 1567; x_wconf 75' lang='lat' dir='ltr'><strong>Magni,</strong></span> <span class='ocrx_word' id='word_1_73' title='bbox 374 1512 471 1550; x_wconf 90' lang='lat' dir='ltr'><strong>unuse</strong></span> <span class='ocrx_word' id='word_1_74' title='bbox 483 1494 604 1551; x_wconf 81' lang='lat' dir='ltr'><strong>ducibus</strong></span> <span class='ocrx_word' id='word_1_75' title='bbox 612 1496 769 1553; x_wconf 76' lang='lat' dir='ltr'><strong>Alexandri</strong></span> <span class='ocrx_word' id='word_1_76' title='bbox 779 1496 818 1555; x_wconf 87' lang='lat' dir='ltr'><strong>M.</strong></span> <span class='ocrx_word' id='word_1_77' title='bbox 833 1513 866 1551; x_wconf 88' lang='lat' dir='ltr'><strong>ae</strong></span> <span class='ocrx_word' id='word_1_78' title='bbox 875 1495 979 1551; x_wconf 93' lang='lat' dir='ltr'><strong>deinde</strong></span> 
     </span>
     <span class='ocr_line' id='line_1_12' title="bbox 131 1578 977 1657; baseline -0.002 -18"><span class='ocrx_word' id='word_1_79' title='bbox 131 1582 217 1657; x_wconf 77' lang='lat' dir='ltr'><strong>regni</strong></span> <span class='ocrx_word' id='word_1_80' title='bbox 236 1579 342 1637; x_wconf 83' lang='lat' dir='ltr'><strong>Graeci</strong></span> <span class='ocrx_word' id='word_1_81' title='bbox 360 1578 390 1633; x_wconf 87' lang='lat' dir='ltr'><strong>in</strong></span> <span class='ocrx_word' id='word_1_82' title='bbox 401 1579 533 1655; x_wconf 72' lang='lat' dir='ltr'><strong>Aegypto</strong></span> <span class='ocrx_word' id='word_1_83' title='bbox 551 1580 697 1639; x_wconf 84' lang='lat' dir='ltr'><strong>eonditor.</strong></span> <span class='ocrx_word' id='word_1_84' title='bbox 716 1583 977 1651; x_wconf 75' lang='lat' dir='ltr'><strong>Ptolemaeustxli)</strong></span> 
     </span>
     <span class='ocr_line' id='line_1_13' title="bbox 131 1664 979 1740; baseline -0.006 -14"><span class='ocrx_word' id='word_1_85' title='bbox 131 1677 281 1736; x_wconf 72' lang='lat' dir='ltr'><strong>Dionysus</strong></span> <span class='ocrx_word' id='word_1_86' title='bbox 298 1674 341 1719; x_wconf 89' lang='lat' dir='ltr'><strong>est</strong></span> <span class='ocrx_word' id='word_1_87' title='bbox 356 1666 514 1723; x_wconf 85' lang='lat' dir='ltr'><strong>Ptolemaei</strong></span> <span class='ocrx_word' id='word_1_88' title='bbox 526 1670 592 1740; x_wconf 84' lang='lat' dir='ltr'><strong>(xt)</strong></span> <span class='ocrx_word' id='word_1_89' title='bbox 605 1669 726 1725; x_wconf 80' lang='lat' dir='ltr'><strong>Auletae</strong></span> <span class='ocrx_word' id='word_1_90' title='bbox 744 1667 822 1724; x_wconf 83' lang='lat' dir='ltr'><strong>iilius</strong></span> <span class='ocrx_word' id='word_1_91' title='bbox 841 1676 870 1723; x_wconf 88' lang='lat' dir='ltr'><strong>et</strong></span> <span class='ocrx_word' id='word_1_92' title='bbox 887 1664 979 1722; x_wconf 79' lang='lat' dir='ltr'><strong>irater</strong></span> 
     </span>
     <span class='ocr_line' id='line_1_14' title="bbox 131 1745 980 1830; baseline -0.006 -18"><span class='ocrx_word' id='word_1_93' title='bbox 131 1756 322 1826; x_wconf 83' lang='lat' dir='ltr'><strong>Cleopatrae,</strong></span> <span class='ocrx_word' id='word_1_94' title='bbox 342 1768 467 1826; x_wconf 85' lang='lat' dir='ltr'><strong>quaeum</strong></span> <span class='ocrx_word' id='word_1_95' title='bbox 479 1745 651 1830; x_wconf 61' lang='lat' dir='ltr'><strong>deffim&#39;perio</strong></span> <span class='ocrx_word' id='word_1_96' title='bbox 665 1753 822 1821; x_wconf 77' lang='lat' dir='ltr'><strong>dimicavit,</strong></span> <span class='ocrx_word' id='word_1_97' title='bbox 840 1752 980 1827; x_wconf 72' lang='lat' dir='ltr'><strong>pessimae</strong></span> 
     </span>
     <span class='ocr_line' id='line_1_15' title="bbox 131 1838 977 1910; baseline -0.002 -16"><span class='ocrx_word' id='word_1_98' title='bbox 131 1850 222 1894; x_wconf 87' lang='lat' dir='ltr'><strong>notae</strong></span> <span class='ocrx_word' id='word_1_99' title='bbox 241 1848 301 1892; x_wconf 92' lang='lat' dir='ltr'><strong>tres</strong></span> <span class='ocrx_word' id='word_1_100' title='bbox 319 1854 428 1894; x_wconf 85' lang='lat' dir='ltr'><strong>omnes.</strong></span> <span class='ocrx_word' id='word_1_101' title='bbox 444 1868 473 1879; x_wconf 95' lang='lat'>-</span> <span class='ocrx_word' id='word_1_102' title='bbox 492 1844 569 1899; x_wconf 84' lang='lat' dir='ltr'><strong>v.5ti.</strong></span> <span class='ocrx_word' id='word_1_103' title='bbox 586 1845 691 1910; x_wconf 77' lang='lat' dir='ltr'><strong>laycos</strong></span> <span class='ocrx_word' id='word_1_104' title='bbox 709 1844 887 1896; x_wconf 80' lang='lat' dir='ltr'><strong>Ptolemaeus</strong></span> <span class='ocrx_word' id='word_1_105' title='bbox 901 1838 931 1895; x_wconf 90' lang='lat' dir='ltr'><strong>h.</strong></span> <span class='ocrx_word' id='word_1_106' title='bbox 952 1858 977 1896; x_wconf 88' lang='lat' dir='ltr'><strong>e.</strong></span> 
     </span>
     <span class='ocr_line' id='line_1_16' title="bbox 131 1922 981 2000; baseline 0.002 -20"><span class='ocrx_word' id='word_1_107' title='bbox 131 1924 243 2000; x_wconf 83' lang='lat' dir='ltr'><strong>procul</strong></span> <span class='ocrx_word' id='word_1_108' title='bbox 262 1922 351 1978; x_wconf 91' lang='lat' dir='ltr'><strong>dubio</strong></span> <span class='ocrx_word' id='word_1_109' title='bbox 367 1924 548 1980; x_wconf 75' lang='lat' dir='ltr'><strong>Ptolemaeus</strong></span> <span class='ocrx_word' id='word_1_110' title='bbox 569 1926 711 1997; x_wconf 76' lang='lat' dir='ltr'><strong>Physcon,</strong></span> <span class='ocrx_word' id='word_1_111' title='bbox 729 1925 803 1981; x_wconf 85' lang='lat' dir='ltr'><strong>Ptol.</strong></span> <span class='ocrx_word' id='word_1_112' title='bbox 824 1924 981 1999; x_wconf 82' lang='lat' dir='ltr'><strong>Epiphsuis</strong></span> 
     </span>
     <span class='ocr_line' id='line_1_17' title="bbox 133 2010 980 2081; baseline 0.002 -14"><span class='ocrx_word' id='word_1_113' title='bbox 133 2013 224 2075; x_wconf 86' lang='lat' dir='ltr'><strong>iilius,</strong></span> <span class='ocrx_word' id='word_1_114' title='bbox 245 2010 294 2064; x_wconf 89' lang='lat' dir='ltr'><strong>cui</strong></span> <span class='ocrx_word' id='word_1_115' title='bbox 306 2020 364 2065; x_wconf 89' lang='lat' dir='ltr'><strong>tam</strong></span> <span class='ocrx_word' id='word_1_116' title='bbox 377 2019 489 2065; x_wconf 84' lang='lat' dir='ltr'><strong>vastum</strong></span> <span class='ocrx_word' id='word_1_117' title='bbox 503 2020 567 2066; x_wconf 90' lang='lat' dir='ltr'><strong>erat</strong></span> <span class='ocrx_word' id='word_1_118' title='bbox 580 2010 723 2066; x_wconf 87' lang='lat' dir='ltr'><strong>abdomen</strong></span> <span class='ocrx_word' id='word_1_119' title='bbox 738 2014 863 2081; x_wconf 74' lang='grc' dir='ltr'><strong>(φύσκη),</strong></span> <span class='ocrx_word' id='word_1_120' title='bbox 881 2010 980 2069; x_wconf 79' lang='lat' dir='ltr'><strong>utsine</strong></span> 
     </span>
     <span class='ocr_line' id='line_1_18' title="bbox 133 2094 980 2169; baseline -0.002 -14"><span class='ocrx_word' id='word_1_121' title='bbox 133 2099 244 2155; x_wconf 87' lang='lat' dir='ltr'><strong>haculo</strong></span> <span class='ocrx_word' id='word_1_122' title='bbox 256 2094 393 2152; x_wconf 82' lang='lat' dir='ltr'><strong>incedere</strong></span> <span class='ocrx_word' id='word_1_123' title='bbox 401 2113 460 2151; x_wconf 90' lang='lat' dir='ltr'><strong>non</strong></span> <span class='ocrx_word' id='word_1_124' title='bbox 465 2107 571 2169; x_wconf 87' lang='lat' dir='ltr'><strong>posset.</strong></span> <span class='ocrx_word' id='word_1_125' title='bbox 579 2130 613 2142; x_wconf 92' lang='lat'><em>-</em></span> <span class='ocrx_word' id='word_1_126' title='bbox 628 2115 655 2151; x_wconf 81' lang='lat' dir='ltr'><strong>v.</strong></span> <span class='ocrx_word' id='word_1_127' title='bbox 667 2105 708 2156; x_wconf 87' lang='grc'><strong>79.</strong></span> <span class='ocrx_word' id='word_1_128' title='bbox 721 2104 840 2160; x_wconf 79' lang='lat' dir='ltr'><strong>Xeroes,</strong></span> <span class='ocrx_word' id='word_1_129' title='bbox 858 2097 980 2153; x_wconf 87' lang='lat' dir='ltr'><strong>traiecto</strong></span> 
     </span>
     <span class='ocr_line' id='line_1_19' title="bbox 135 2180 980 2258; baseline -0.007 -16"><span class='ocrx_word' id='word_1_130' title='bbox 135 2187 347 2258; x_wconf 74' lang='lat' dir='ltr'><strong>Hellesponto,</strong></span> <span class='ocrx_word' id='word_1_131' title='bbox 367 2181 545 2238; x_wconf 87' lang='lat' dir='ltr'><strong>incredibilis</strong></span> <span class='ocrx_word' id='word_1_132' title='bbox 561 2182 764 2258; x_wconf 76' lang='lat' dir='ltr'><strong>magnitudinis</strong></span> <span class='ocrx_word' id='word_1_133' title='bbox 784 2180 980 2257; x_wconf 88' lang='lat' dir='ltr'><strong>splendidissi-</strong></span> 
     </span>
     <span class='ocr_line' id='line_1_20' title="bbox 134 2266 981 2346; baseline -0.002 -21"><span class='ocrx_word' id='word_1_134' title='bbox 134 2273 237 2346; x_wconf 86' lang='lat' dir='ltr'><strong>miqus</strong></span> <span class='ocrx_word' id='word_1_135' title='bbox 255 2279 375 2325; x_wconf 85' lang='lat' dir='ltr'><strong>ornatus</strong></span> <span class='ocrx_word' id='word_1_136' title='bbox 393 2270 550 2325; x_wconf 84' lang='lat' dir='ltr'><strong>exereitum</strong></span> <span class='ocrx_word' id='word_1_137' title='bbox 566 2286 602 2325; x_wconf 82' lang='lat' dir='ltr'><strong>ex</strong></span> <span class='ocrx_word' id='word_1_138' title='bbox 619 2268 698 2324; x_wconf 87' lang='lat' dir='ltr'><strong>edito</strong></span> <span class='ocrx_word' id='word_1_139' title='bbox 709 2269 778 2324; x_wconf 91' lang='lat' dir='ltr'><strong>loco</strong></span> <span class='ocrx_word' id='word_1_140' title='bbox 794 2278 924 2341; x_wconf 87' lang='lat' dir='ltr'><strong>spectans</strong></span> <span class='ocrx_word' id='word_1_141' title='bbox 939 2266 981 2323; x_wconf 84' lang='lat' dir='ltr'><strong>di·</strong></span> 
     </span>
     <span class='ocr_line' id='line_1_21' title="bbox 136 2352 980 2429; baseline -0.004 -19"><span class='ocrx_word' id='word_1_142' title='bbox 136 2357 445 2429; x_wconf 82' lang='lat' dir='ltr'><strong>citurlaerymasse.-</strong></span> <span class='ocrx_word' id='word_1_143' title='bbox 461 2374 489 2412; x_wconf 86' lang='lat' dir='ltr'><strong>v.</strong></span> <span class='ocrx_word' id='word_1_144' title='bbox 496 2360 536 2413; x_wconf 84' lang='grc'><strong>79.</strong></span> <span class='ocrx_word' id='word_1_145' title='bbox 543 2354 679 2421; x_wconf 71' lang='lat' dir='ltr'><strong>Namnet,</strong></span> <span class='ocrx_word' id='word_1_146' title='bbox 688 2355 882 2427; x_wconf 70' lang='lat' dir='ltr'><strong>Cleopatram</strong></span> <span class='ocrx_word' id='word_1_147' title='bbox 899 2352 980 2410; x_wconf 83' lang='lat' dir='ltr'><strong>utel-</strong></span> 
     </span>
     <span class='ocr_line' id='line_1_22' title="bbox 137 2438 982 2515; baseline -0.006 -17"><span class='ocrx_word' id='word_1_148' title='bbox 137 2443 209 2497; x_wconf 88' lang='lat' dir='ltr'><strong>fusis</strong></span> <span class='ocrx_word' id='word_1_149' title='bbox 222 2439 388 2514; x_wconf 87' lang='lat' dir='ltr'><strong>sumptibus</strong></span> <span class='ocrx_word' id='word_1_150' title='bbox 401 2452 554 2515; x_wconf 88' lang='lat' dir='ltr'><strong>superaret</strong></span> <span class='ocrx_word' id='word_1_151' title='bbox 566 2440 730 2503; x_wconf 77' lang='lat' dir='ltr'><strong>Antonium,</strong></span> <span class='ocrx_word' id='word_1_152' title='bbox 748 2438 982 2513; x_wconf 85' lang='lat' dir='ltr'><strong>pretiosissimam</strong></span> 
     </span>
     <span class='ocr_line' id='line_1_23' title="bbox 138 2525 982 2601; baseline 0 -18"><span class='ocrx_word' id='word_1_153' title='bbox 138 2526 323 2601; x_wconf 74' lang='lat' dir='ltr'><strong>margaritam</strong></span> <span class='ocrx_word' id='word_1_154' title='bbox 342 2536 425 2580; x_wconf 86' lang='lat' dir='ltr'><strong>aceto</strong></span> <span class='ocrx_word' id='word_1_155' title='bbox 442 2526 600 2582; x_wconf 86' lang='lat' dir='ltr'><strong>resolutam</strong></span> <span class='ocrx_word' id='word_1_156' title='bbox 617 2525 794 2581; x_wconf 77' lang='lat' dir='ltr'><strong>hausisse-</strong></span> <span class='ocrx_word' id='word_1_157' title='bbox 813 2543 841 2585; x_wconf 82' lang='lat' dir='ltr'><strong>v,</strong></span> <span class='ocrx_word' id='word_1_158' title='bbox 854 2530 895 2584; x_wconf 85' lang='grc'><strong>77.</strong></span> <span class='ocrx_word' id='word_1_159' title='bbox 913 2532 982 2585; x_wconf 74' lang='lat' dir='ltr'><strong>Pto-</strong></span> 
     </span>
     <span class='ocr_line' id='line_1_24' title="bbox 140 2609 979 2684; baseline -0.007 -14"><span class='ocrx_word' id='word_1_160' title='bbox 140 2618 276 2670; x_wconf 77' lang='lat' dir='ltr'><strong>lemaidos</strong></span> <span class='ocrx_word' id='word_1_161' title='bbox 291 2628 331 2667; x_wconf 88' lang='lat' dir='ltr'><strong>sc.</strong></span> <span class='ocrx_word' id='word_1_162' title='bbox 344 2609 484 2667; x_wconf 81' lang='lat' dir='ltr'><strong>foeminae</strong></span> <span class='ocrx_word' id='word_1_163' title='bbox 497 2613 525 2669; x_wconf 83' lang='lat' dir='ltr'><strong>h</strong></span> <span class='ocrx_word' id='word_1_164' title='bbox 538 2630 561 2667; x_wconf 80' lang='lat' dir='ltr'><strong>e·</strong></span> <span class='ocrx_word' id='word_1_165' title='bbox 572 2612 755 2684; x_wconf 87' lang='lat' dir='ltr'><strong>Cleopatrae.</strong></span> <span class='ocrx_word' id='word_1_166' title='bbox 767 2615 875 2669; x_wconf 85' lang='lat' dir='ltr'><strong>Lucan.</strong></span> <span class='ocrx_word' id='word_1_167' title='bbox 886 2618 930 2681; x_wconf 86' lang='grc'><strong>19,</strong></span> <span class='ocrx_word' id='word_1_168' title='bbox 939 2617 979 2673; x_wconf 84' lang='grc'><strong>69.</strong></span> 
     </span>
     <span class='ocr_line' id='line_1_25' title="bbox 138 2695 981 2771; baseline -0.005 -15"><span class='ocrx_word' id='word_1_169' title='bbox 138 2704 185 2756; x_wconf 78' lang='lat' dir='ltr'><strong>Est</strong></span> <span class='ocrx_word' id='word_1_170' title='bbox 207 2698 291 2753; x_wconf 85' lang='lat' dir='ltr'><strong>etiam</strong></span> <span class='ocrx_word' id='word_1_171' title='bbox 308 2695 381 2750; x_wconf 89' lang='lat' dir='ltr'><strong>urbs</strong></span> <span class='ocrx_word' id='word_1_172' title='bbox 392 2696 516 2771; x_wconf 73' lang='lat' dir='ltr'><strong>Aegypti</strong></span> <span class='ocrx_word' id='word_1_173' title='bbox 532 2696 737 2753; x_wconf 76' lang='lat' dir='ltr'><strong>Ptolemais·</strong></span> <span class='ocrx_word' id='word_1_174' title='bbox 754 2716 781 2753; x_wconf 83' lang='lat' dir='ltr'><strong>v.</strong></span> <span class='ocrx_word' id='word_1_175' title='bbox 794 2704 836 2757; x_wconf 83' lang='grc'><strong>79.</strong></span> <span class='ocrx_word' id='word_1_176' title='bbox 860 2699 981 2770; x_wconf 80' lang='lat' dir='ltr'><strong>Coptos,</strong></span> 
     </span>
     <span class='ocr_line' id='line_1_26' title="bbox 140 2782 982 2857; baseline -0.001 -17"><span class='ocrx_word' id='word_1_177' title='bbox 140 2784 268 2857; x_wconf 73' lang='lat' dir='ltr'><strong>Abydus,</strong></span> <span class='ocrx_word' id='word_1_178' title='bbox 276 2784 412 2856; x_wconf 80' lang='lat' dir='ltr'><strong>Tentyra,</strong></span> <span class='ocrx_word' id='word_1_179' title='bbox 422 2784 515 2854; x_wconf 90' lang='lat' dir='ltr'><strong>Syene</strong></span> <span class='ocrx_word' id='word_1_180' title='bbox 524 2782 871 2857; x_wconf 76' lang='lat' dir='ltr'><strong>etDiospolismagnahe.</strong></span> <span class='ocrx_word' id='word_1_181' title='bbox 881 2785 982 2840; x_wconf 83' lang='lat' dir='ltr'><strong>Thebe</strong></span> 
     </span>
     <span class='ocr_line' id='line_1_27' title="bbox 142 2869 983 2943; baseline -0.001 -19"><span class='ocrx_word' id='word_1_182' title='bbox 142 2870 271 2927; x_wconf 87' lang='lat' dir='ltr'><strong>celebres</strong></span> <span class='ocrx_word' id='word_1_183' title='bbox 288 2869 377 2923; x_wconf 89' lang='lat' dir='ltr'><strong>urbes</strong></span> <span class='ocrx_word' id='word_1_184' title='bbox 384 2869 508 2943; x_wconf 74' lang='lat' dir='ltr'><strong>Aegypti</strong></span> <span class='ocrx_word' id='word_1_185' title='bbox 524 2870 681 2943; x_wconf 89' lang='lat' dir='ltr'><strong>superioris</strong></span> <span class='ocrx_word' id='word_1_186' title='bbox 689 2889 699 2939; x_wconf 83' lang='lat'>3</span> <span class='ocrx_word' id='word_1_187' title='bbox 718 2871 841 2926; x_wconf 78' lang='lat' dir='ltr'><strong>Arsinoe</strong></span> <span class='ocrx_word' id='word_1_188' title='bbox 851 2870 983 2939; x_wconf 78' lang='lat' dir='ltr'><strong>(Albium</strong></span> 
     </span>
     <span class='ocr_line' id='line_1_28' title="bbox 140 2955 980 3031; baseline -0.001 -19"><span class='ocrx_word' id='word_1_189' title='bbox 140 2960 168 3015; x_wconf 92' lang='lat' dir='ltr'><strong>h.</strong></span> <span class='ocrx_word' id='word_1_190' title='bbox 184 2962 222 3024; x_wconf 89' lang='lat' dir='ltr'><strong>t.)</strong></span> <span class='ocrx_word' id='word_1_191' title='bbox 243 2967 273 3013; x_wconf 91' lang='lat' dir='ltr'><strong>et</strong></span> <span class='ocrx_word' id='word_1_192' title='bbox 291 2955 435 3030; x_wconf 83' lang='lat' dir='ltr'><strong>Memphis</strong></span> <span class='ocrx_word' id='word_1_193' title='bbox 452 2956 534 3031; x_wconf 72' lang='lat' dir='ltr'><strong>regis</strong></span> <span class='ocrx_word' id='word_1_194' title='bbox 553 2960 594 3023; x_wconf 90' lang='lat' dir='ltr'><strong>(v.</strong></span> <span class='ocrx_word' id='word_1_195' title='bbox 603 2963 650 3028; x_wconf 88' lang='grc'><strong>90)</strong></span> <span class='ocrx_word' id='word_1_196' title='bbox 668 2957 696 3011; x_wconf 88' lang='lat' dir='ltr'><strong>in</strong></span> <span class='ocrx_word' id='word_1_197' title='bbox 712 2958 844 3031; x_wconf 79' lang='lat' dir='ltr'><strong>Aegypto</strong></span> <span class='ocrx_word' id='word_1_198' title='bbox 869 2956 980 3025; x_wconf 66' lang='lat' dir='ltr'><strong>mediat</strong></span> 
     </span>
     <span class='ocr_line' id='line_1_29' title="bbox 141 3042 982 3115; baseline -0.002 -16"><span class='ocrx_word' id='word_1_199' title='bbox 141 3043 268 3100; x_wconf 75' lang='lat' dir='ltr'><strong>bubastis</strong></span> <span class='ocrx_word' id='word_1_200' title='bbox 275 3053 305 3099; x_wconf 90' lang='lat' dir='ltr'><strong>et</strong></span> <span class='ocrx_word' id='word_1_201' title='bbox 311 3043 375 3098; x_wconf 79' lang='lat' dir='ltr'><strong>Sais</strong></span> <span class='ocrx_word' id='word_1_202' title='bbox 382 3053 412 3097; x_wconf 89' lang='lat' dir='ltr'><strong>et</strong></span> <span class='ocrx_word' id='word_1_203' title='bbox 417 3042 564 3099; x_wconf 87' lang='lat' dir='ltr'><strong>Pelusium</strong></span> <span class='ocrx_word' id='word_1_204' title='bbox 574 3049 614 3111; x_wconf 83' lang='lat' dir='ltr'><strong>(v.</strong></span> <span class='ocrx_word' id='word_1_205' title='bbox 624 3047 669 3111; x_wconf 77' lang='grc'><strong>99)</strong></span> <span class='ocrx_word' id='word_1_206' title='bbox 678 3052 707 3099; x_wconf 87' lang='lat' dir='ltr'><strong>ct</strong></span> <span class='ocrx_word' id='word_1_207' title='bbox 715 3044 852 3115; x_wconf 84' lang='lat' dir='ltr'><strong>Canopus</strong></span> <span class='ocrx_word' id='word_1_208' title='bbox 863 3043 982 3110; x_wconf 66' lang='lat' dir='ltr'><strong>(vdit.)</strong></span> 
     </span>
     <span class='ocr_line' id='line_1_30' title="bbox 143 3126 983 3202; baseline -0.002 -19"><span class='ocrx_word' id='word_1_209' title='bbox 143 3129 289 3185; x_wconf 85' lang='lat' dir='ltr'><strong>inferioris</strong></span> <span class='ocrx_word' id='word_1_210' title='bbox 304 3128 427 3202; x_wconf 73' lang='lat' dir='ltr'><strong>Aegypti</strong></span> <span class='ocrx_word' id='word_1_211' title='bbox 446 3129 544 3183; x_wconf 87' lang='lat' dir='ltr'><strong>urbes.</strong></span> <span class='ocrx_word' id='word_1_212' title='bbox 555 3156 590 3169; x_wconf 92' lang='lat'>-</span> <span class='ocrx_word' id='word_1_213' title='bbox 606 3148 634 3185; x_wconf 85' lang='lat' dir='ltr'><strong>v.</strong></span> <span class='ocrx_word' id='word_1_214' title='bbox 641 3138 684 3189; x_wconf 81' lang='lat'><strong>85.</strong></span> <span class='ocrx_word' id='word_1_215' title='bbox 703 3136 848 3193; x_wconf 72' lang='lat' dir='ltr'><strong>Mnemon,</strong></span> <span class='ocrx_word' id='word_1_216' title='bbox 866 3126 983 3182; x_wconf 83' lang='lat' dir='ltr'><strong>Tithoni</strong></span> 
     </span>
     <span class='ocr_line' id='line_1_31' title="bbox 144 3210 984 3287; baseline -0.005 -15"><span class='ocrx_word' id='word_1_217' title='bbox 144 3227 172 3272; x_wconf 91' lang='lat' dir='ltr'><strong>et</strong></span> <span class='ocrx_word' id='word_1_218' title='bbox 188 3215 321 3269; x_wconf 78' lang='lat' dir='ltr'><strong>Aurorae</strong></span> <span class='ocrx_word' id='word_1_219' title='bbox 339 3214 425 3277; x_wconf 87' lang='lat' dir='ltr'><strong>lilius,</strong></span> <span class='ocrx_word' id='word_1_220' title='bbox 444 3230 496 3269; x_wconf 84' lang='lat' dir='ltr'><strong>rex</strong></span> <span class='ocrx_word' id='word_1_221' title='bbox 507 3213 689 3287; x_wconf 71' lang='lat' dir='ltr'><strong>Aethiopiae,</strong></span> <span class='ocrx_word' id='word_1_222' title='bbox 712 3226 777 3271; x_wconf 87' lang='lat' dir='ltr'><strong>ante</strong></span> <span class='ocrx_word' id='word_1_223' title='bbox 790 3210 917 3278; x_wconf 81' lang='lat' dir='ltr'><strong>Troiam,</strong></span> <span class='ocrx_word' id='word_1_224' title='bbox 937 3212 984 3268; x_wconf 90' lang='lat' dir='ltr'><strong>cui</strong></span> 
     </span>
     <span class='ocr_line' id='line_1_32' title="bbox 143 3298 982 3373; baseline -0.008 -16"><span class='ocrx_word' id='word_1_225' title='bbox 143 3302 247 3357; x_wconf 77' lang='lat' dir='ltr'><strong>auxilio</strong></span> <span class='ocrx_word' id='word_1_226' title='bbox 260 3308 400 3366; x_wconf 84' lang='lat' dir='ltr'><strong>venerat,</strong></span> <span class='ocrx_word' id='word_1_227' title='bbox 412 3298 448 3355; x_wconf 85' lang='lat' dir='ltr'><strong>ab</strong></span> <span class='ocrx_word' id='word_1_228' title='bbox 456 3299 571 3355; x_wconf 75' lang='lat' dir='ltr'><strong>Achille</strong></span> <span class='ocrx_word' id='word_1_229' title='bbox 582 3300 694 3355; x_wconf 85' lang='lat' dir='ltr'><strong>occisus</strong></span> <span class='ocrx_word' id='word_1_230' title='bbox 709 3310 738 3355; x_wconf 88' lang='lat' dir='ltr'><strong>et</strong></span> <span class='ocrx_word' id='word_1_231' title='bbox 751 3302 780 3353; x_wconf 89' lang='lat' dir='ltr'><strong>in</strong></span> <span class='ocrx_word' id='word_1_232' title='bbox 792 3299 899 3373; x_wconf 89' lang='lat' dir='ltr'><strong>eampis</strong></span> <span class='ocrx_word' id='word_1_233' title='bbox 907 3300 982 3354; x_wconf 74' lang='lat' dir='ltr'><strong>Tro·</strong></span> 
     </span>
     <span class='ocr_line' id='line_1_33' title="bbox 143 3382 982 3460; baseline -0.005 -18"><span class='ocrx_word' id='word_1_234' title='bbox 143 3389 212 3443; x_wconf 90' lang='lat' dir='ltr'><strong>ianis</strong></span> <span class='ocrx_word' id='word_1_235' title='bbox 230 3386 360 3460; x_wconf 84' lang='lat' dir='ltr'><strong>sepultus</strong></span> <span class='ocrx_word' id='word_1_236' title='bbox 375 3395 428 3442; x_wconf 88' lang='lat' dir='ltr'><strong>est.</strong></span> <span class='ocrx_word' id='word_1_237' title='bbox 452 3384 524 3442; x_wconf 85' lang='lat' dir='ltr'><strong>Eius</strong></span> <span class='ocrx_word' id='word_1_238' title='bbox 535 3400 620 3441; x_wconf 84' lang='lat' dir='ltr'><strong>saxea</strong></span> <span class='ocrx_word' id='word_1_239' title='bbox 631 3385 751 3459; x_wconf 77' lang='lat' dir='ltr'><strong>efligies,</strong></span> <span class='ocrx_word' id='word_1_240' title='bbox 769 3384 820 3440; x_wconf 87' lang='lat' dir='ltr'><strong>nbi</strong></span> <span class='ocrx_word' id='word_1_241' title='bbox 834 3382 924 3441; x_wconf 88' lang='lat' dir='ltr'><strong>radiis</strong></span> <span class='ocrx_word' id='word_1_242' title='bbox 936 3402 982 3439; x_wconf 89' lang='lat' dir='ltr'><strong>so·</strong></span> 
     </span>
     <span class='ocr_line' id='line_1_34' title="bbox 144 3469 974 3544; baseline -0.005 -15"><span class='ocrx_word' id='word_1_243' title='bbox 144 3476 177 3531; x_wconf 89' lang='lat' dir='ltr'><strong>iis</strong></span> <span class='ocrx_word' id='word_1_244' title='bbox 185 3476 240 3531; x_wconf 89' lang='lat' dir='ltr'><strong>icts</strong></span> <span class='ocrx_word' id='word_1_245' title='bbox 253 3482 305 3544; x_wconf 88' lang='lat' dir='ltr'><strong>est,</strong></span> <span class='ocrx_word' id='word_1_246' title='bbox 314 3472 448 3530; x_wconf 82' lang='lat' dir='ltr'><strong>vocalem</strong></span> <span class='ocrx_word' id='word_1_247' title='bbox 457 3488 560 3529; x_wconf 85' lang='lat' dir='ltr'><strong>sonam</strong></span> <span class='ocrx_word' id='word_1_248' title='bbox 573 3469 701 3529; x_wconf 87' lang='lat' dir='ltr'><strong>reddere</strong></span> <span class='ocrx_word' id='word_1_249' title='bbox 713 3470 894 3529; x_wconf 82' lang='lat' dir='ltr'><strong>credebatur.</strong></span> <span class='ocrx_word' id='word_1_250' title='bbox 907 3470 974 3525; x_wconf 75' lang='lat' dir='ltr'><strong>Pae.</strong></span> 
     </span>
    </p>
   </div>
   <div class='ocr_carea' id='block_1_3' title="bbox 0 0 1314 4284">
    <p class='ocr_par' dir='ltr' id='par_1_3' title="bbox 0 0 1314 4284">
     <span class='ocr_line' id='line_1_35' title="bbox 0 0 1314 4284; baseline 0 0"><span class='ocrx_word' id='word_1_251' title='bbox 0 0 1314 4284; x_wconf 95' lang='lat' dir='ltr'><strong> </strong></span> 
     </span>
    </p>
   </div>
  </div>
 </body>
</html>
