2600 4284
565 654 662 717 Vtra
682 650 864 717 Batdact·

638 807 781 820 nun—nn-

374 904 509 987 lacobus
516 930 839 995 Balde‚celebrelllusis
850 948 967 1001 nomen,
982 936 1138 1009 superioris

298 1018 387 1075 secuti
404 1034 480 1073 anno
496 1019 589 1074 tertio
604 1018 716 1089 aspexit
732 1018 835 1073 lucem.
865 1018 1076 1075 Enaialtemiunr
1093 1020 1136 1076 illi

297 1105 394 1161 natale
405 1103 501 1160 solum
515 1102 581 1164 fuit.
599 1100 840 1157 nohilisdlsatiae
852 1102 960 1171 civitas,
978 1120 1013 1160 ex
1025 1104 1139 1161 alumno

298 1206 352 1244 suo
377 1189 462 1245 etiam
484 1188 617 1247 nobilior
644 1187 753 1243 lutura.
783 1186 926 1261 Suprema
943 1189 1139 1265 philosophiae

298 1285 328 1330 et
345 1274 451 1329 artium
467 1275 569 1329 laurea
587 1273 724 1343 donatus,
749 1274 787 1331 ad
804 1278 849 1330 lus
867 1274 954 1330 civile
977 1274 1080 1347 primo
1096 1293 1139 1349 ap·

296 1359 400 1433 plicuit
418 1358 558 1429 animum
577 1359 646 1415 dein
657 1378 731 1417 roro
749 1360 841 1416 rebus
857 1361 1039 1435 ambosque,
1071 1378 1141 1437 quae

297 1444 481 1517 effulgebant,
500 1445 576 1502 haud
588 1445 764 1520 vulgaribus,
782 1444 890 1501 mundo
902 1446 1025 1515 relictis,
1046 1447 1143 1503 divino

296 1542 413 1587 motore
429 1532 544 1605 Spiritu
569 1540 663 1586 totum
686 1548 717 1587 se
736 1530 842 1587 Christi
865 1528 1004 1587 dedicare
1026 1534 1144 1589 servitio

285 1617 445 1694 xconstituit
467 1634 501 1671 ac
522 1619 667 1692 sequelae.
693 1617 864 1690 Superioris
882 1618 1061 1675 Germaniae
1078 1636 1144 1693 pro·

296 1702 421 1757 vinciam
439 1702 535 1775 elegit,
552 1702 604 1757 ubi
626 1703 656 1757 in
671 1701 846 1758 Societatem
863 1714 993 1759 nostram
1011 1706 1143 1761 admitte·

297 1798 381 1844 retur
406 1798 436 1843 et
458 1788 643 1859 tyrocinium.
670 1788 767 1844 Patuit
785 1788 900 1862 egregio
920 1790 1022 1845 iuveni
1039 1794 1141 1847 Lands·

296 1890 405 1947 pergae
431 1873 542 1941 aditus,
568 1891 675 1929 annum
699 1874 796 1929 aetatis
820 1873 990 1948 vigesimum
1013 1878 1144 1949 primum

300 1957 407 2032 agenti.
432 1960 503 2014 Post
519 1957 593 2013 iacta
611 1958 763 2030 religiosae
780 1959 855 2015 vitae
873 1958 1017 2033 principia
1035 1961 1073 2017 ad
1092 1964 1144 2017 ltu·

294 2042 460 2097 naulorum
478 2043 640 2099 litterarum
657 2045 854 2101 tractationem
870 2054 931 2099 tum
944 2046 1143 2117 Superiorem

296 2129 459 2196 voluntate,
475 2140 539 2185 tum
555 2140 658 2203 suopte
675 2130 801 2202 quodam
815 2130 899 2203 genio
917 2131 1092 2202 applicatus,
1110 2148 1144 2185 ea

298 2215 440 2271 continuo
458 2213 550 2269 edidit
566 2216 724 2287 specimina
742 2214 891 2271 eminentis
908 2213 1032 2289 ingenii,
1052 2226 1087 2271 ut
1105 2216 1145 2271 l'a·

293 2302 366 2369 eila,
394 2301 424 2357 in
443 2312 583 2375 quantum
599 2302 750 2355 Musarum
766 2298 922 2357 antistitem
940 2316 1086 2357 evasurus
1105 2316 1146 2356 es·

297 2397 351 2453 set,
367 2396 484 2461 pateret
500 2384 734 2445 observantibus.

359 2471 529 2528 Rhetoricae
544 2482 701 2546 praecepta
718 2480 780 2527 tum
797 2469 976 2545 lngolstadii‚
997 2478 1062 2525 tum
1082 2472 1146 2527 Mo·

297 2557 392 2613 nachii
414 2574 480 2613 cum
502 2558 608 2629 plausu
632 2557 740 2631 ingenti
763 2555 921 2629 fructuque
944 2555 1107 2629 praelegit,
1130 2572 1146 2610 a

296 2642 404 2716 maguis
422 2642 507 2696 ctiam
524 2641 595 2697 viris
622 2652 651 2696 at
667 2640 850 2713 Principibus
872 2650 991 2714 excepta
1016 2639 1145 2713 discipu·

295 2728 346 2797 lis3
376 2726 450 2781 adeo
474 2737 508 2781 ut
531 2726 578 2781 vel
601 2725 707 2798 procul
729 2736 857 2781 remotos
879 2725 915 2780 ab
938 2726 1001 2799 ipsa
1018 2726 1145 2781 Polonia

298 2814 407 2868 excisa
419 2812 494 2867 fama
510 2810 579 2866 tanti
592 2810 731 2885 magistri,
749 2821 884 2887 tanquam
895 2828 1004 2867 novum
1017 2812 1147 2885 aliquem

296 2897 507 2976 Quintilianum
532 2896 694 2954 audituros.
732 2900 775 2953 Eo
801 2908 935 2970 tempore
960 2895 1147 2969 lepbtiadem

252 3024 256 3034 .
294 2982 322 3037 in
340 2983 486 3039 theatrum
500 2980 642 3053 produxit
657 2981 824 3057 Anglipoli‚
842 2998 981 3039 versuum
997 2982 1147 3055 gravitate

291 3077 321 3122 et
330 3068 484 3123 allectuum
498 3066 669 3122 dexteritate
683 3066 892 3125 admirabilem.
912 3065 1076 3139 calybitasn
1085 3083 1146 3121 non

290 3152 409 3207 minore
435 3150 561 3207 artificio
585 3153 776 3225 compositum
804 3163 833 3209 et
849 3150 1072 3209 Monacemibus
1100 3150 1148 3206 lu-

291 3235 333 3291 dis
359 3235 461 3291 datum
484 3238 581 3293 nescio
602 3255 678 3312 quae
695 3238 834 3313 plagiario
850 3254 954 3294 manus
970 3234 1077 3291 invidit
1093 3252 1147 3309 po·

289 3318 392 3386 eteris3
410 3321 757 3391 iacturatsntctristioro,
776 3322 1046 3399 quantouberlores
1058 3331 1145 3377 erant
