2600 4284
276 536 341 606 316
588 530 691 589 iacobi
709 529 799 589 udde

319 704 411 767 Alter
433 718 465 767 et
485 722 623 787 penum
647 704 728 767 alius
748 715 888 765 meatum

317 806 461 876 Daedalo
478 805 624 888 praefert
645 805 786 890 agilique
807 825 923 886 cerae3

319 909 376 973 Ille
397 906 538 971 cornicis
555 908 615 969 tria
637 906 742 991 poscit
761 927 862 970 annes

569 1010 683 1073 Secula
704 1029 828 1092 pausae.

319 1114 385 1175 Seu
405 1109 529 1174 Rheam
552 1110 658 1175 dicent
680 1122 807 1173 veteres
824 1108 952 1185 Achivi,

319 1214 396 1278 Sive
416 1214 548 1276 iunonis
569 1212 648 1275 mihi
670 1231 787 1274 nemen
809 1225 927 1293 aptent,

319 1316 394 1380 Sive
416 1316 555 1379 Lucinae
580 1312 728 1399 gravidas
751 1312 896 1388 levantis,

569 1415 646 1479 Sive
667 1414 836 1496 Cybelles:

317 1516 488 1601 Displicet,
512 1516 670 1602 quidquid
692 1515 797 1579 statui.
820 1515 998 1583 Prusanurn

318 1620 413 1681 Dona
436 1616 558 1681 fastidit
578 1618 659 1681 male
681 1634 755 1682 neta
779 1620 904 1704 vulgus,

318 1720 437 1783 Miiiies
459 1717 591 1805 (lignum
614 1741 679 1795 sua,
703 1741 783 1804 quae
805 1735 966 1803 precatur,

567 1822 690 1884 Damna
711 1823 842 1885 mereri.

319 1921 352 1983 si
374 1921 456 2003 petis
479 1922 562 1985 cello
585 1924 675 2007 gruis
695 1923 842 1999 helluari,

317 2021 456 2085 Literam
477 2023 572 2085 motis
594 2045 722 2110 quoque
743 2027 841 2110 pinge
861 2024 987 2111 pennis,

319 2124 448 2189 Exenba
467 2138 573 2201 noctu,
598 2126 720 2209 patiare
742 2129 808 2190 telo

568 2228 717 2315 Denique
741 2226 807 2314 figi.

318 2327 417 2390 Disce
440 2329 594 2392 cervinae
617 2330 751 2415 cupidus
773 2345 922 2393 senectae

317 2428 440 2491 Praeda
462 2432 606 2495 venantie
629 2429 701 2495 fieri
727 2450 912 2515 canumque-

317 2531 438 2607 Lusus,
464 2548 496 2595 et
517 2554 627 2597 saevas
648 2534 780 2615 hyemes
803 2532 951 2617 sitimque
974 2545 1007 2594 et

572 2637 699 2699 Cornua
721 2637 820 2699 ferre.

319 2735 411 2831 Quae
435 2736 527 2799 simul
551 2736 649 2814 iunxi,
674 2739 755 2801 male
778 2748 983 2821 reparantem

318 2837 428 2921 Siquis
449 2854 580 2923 accepto
604 2840 686 2902 bene
708 2838 797 2903 nevit
818 2837 875 2912 uti,

316 2942 421 3003 Dante
441 2960 492 3003 me
515 2942 638 3004 cunctis
659 2942 736 3005 lieet
758 2962 830 3003 esse
850 2937 954 3014 lactis,

568 3044 650 3105 Esse
677 3044 788 3107 beatis.

317 3140 414 3236 Quod
435 3164 536 3228 genus
557 3142 653 3229 fingis
674 3143 744 3222 tibi,
771 3166 865 3231 quam
887 3148 1081 3230 parentem?

317 3242 408 3305 Falsa
429 3242 579 3306 nimirum
601 3245 742 3331 lapidum
767 3269 912 3332 propago

317 3348 398 3408 laeta
419 3357 493 3429 post
513 3358 638 3431 tergum
658 3348 872 3436 gravidaeque
893 3350 988 3413 iactat

569 3446 688 3510 Fabula
716 3450 825 3529 silvae,

177 3740 679 3925 ΑΛΔ
