2600 4284
287 507 329 597 80

593 511 696 567 iacobi
712 512 802 570 Baldo

330 686 372 747 Ut
392 699 425 747 et
446 684 590 769 fugaoeis
612 687 843 754 exanimaverlt

328 789 475 847 Incussus
495 788 569 849 imis
589 787 770 853 visceribus
790 811 904 872 pavor,

371 890 413 949 Et
433 901 535 950 mater
556 886 670 951 infanti
694 890 830 956 molesto

413 992 520 1051 'furca
541 1001 629 1051 tuum
649 987 794 1055 minitata
812 1012 931 1056 nomeu

329 1180 472 1239 'Perrore
493 1172 604 1238 fletum
624 1177 760 1259 provida
778 1178 915 1242 sisteret.

328 1278 440 1376 Qualis
456 1283 605 1352 cometes,
628 1278 836 1373 sanguineum
867 1300 981 1363 genus,

374 1381 408 1443 Si
429 1379 514 1442 sorte
536 1378 699 1441 stellarum
721 1388 832 1440 coorta

410 1480 576 1544 Seditione
597 1479 821 1542 tumultuosum

327 1660 448 1723 Invasit
468 1680 577 1734 axem,
602 1655 727 1720 territat
748 1659 854 1722 omnia

325 1766 402 1824 Late
422 1759 539 1821 minaci
561 1757 667 1821 fronte
689 1757 822 1842 palatia,

362 1864 465 1946 Magis
480 1874 639 1943 tyrannos.
673 1858 703 1925 0
724 1860 833 1927 salutis

407 1964 505 2027 Stella
527 1978 581 2026 tuo
604 1962 810 2024 memoranda
833 1962 898 2027 civi

321 2180 467 2262 Ortoque
490 2174 571 2237 felix
590 2174 781 2241 ,Hunniades
804 2176 912 2239 iubar!
1006 2241 1010 2249 ,

321 2279 352 2345 Ο
373 2279 465 2343 trista
487 2278 603 2340 Turois
626 2297 721 2341 omen
742 2291 777 2339 et
797 2275 886 2362 ignei

360 2382 467 2443 Fatale
490 2382 574 2445 salve
596 2379 709 2443 Martis
724 2381 864 2452 ,astruul

403 2482 500 2583 Quod
519 2482 615 2544 toties
636 2480 858 2553 Otbomanous
870 2480 965 2573 ,omni

320 2672 468 2732 Horrore
491 2672 578 2735 visus
599 2670 724 2733 vertice
745 2670 886 2752 Bospori

319 2772 399 2833 Sese
422 2772 568 2835 cavernis
589 2769 738 2853 turpibus
756 2768 880 2834 abdidit

288 2936 294 2945 ,
358 2872 504 2949 Pallens‚
530 2885 564 2932 ut
583 2884 782 2933 exsternatus
803 2872 925 2956 unguis,

404 2975 483 3037 Cum
498 2972 619 3036 subitae
634 2984 772 3035 tonuere
790 2972 902 3035 nubes.

317 3144 384 3219 Ille,
411 3144 466 3207 illo
484 3142 637 3207 caudae
658 3140 911 3226 multiplicis
934 3144 1046 3221 draco,

319 3243 414 3341 Quod
435 3244 603 3320 iactitabat,
630 3244 691 3307 sed
710 3245 864 3328 eapitis
885 3244 1009 3308 draco

359 3345 502 3419 Unius,
527 3345 622 3406 illisis
644 3346 775 3409 cambri

399 3441 577 3507 Procubuit
597 3462 697 3524 super
714 3466 800 3510 erma
819 3446 942 3519 mavia,
