2600 4284
257 534 317 601 102
574 530 776 587 sacosssauo

298 702 362 797 Qui
385 702 483 765 maris
502 698 616 765 fluctus
639 704 740 766 semel
760 705 909 779 enatavit,

297 808 368 867 Nou
388 802 437 865 bis
459 816 582 865 accuset
603 822 708 865 maret
740 805 798 868 sed
818 806 963 871 madenti
1148 819 1194 869 10

298 908 396 972 Veste
419 924 571 987 suspensa
592 902 743 967 Galateae
764 905 805 967 sd
824 928 911 969 urum

547 1004 698 1069 Abstinet
717 1006 823 1069 undis.

299 1106 451 1168 Nesciunt
472 1107 557 1169 stulti
577 1108 641 1169 sibi
662 1128 727 1169 nou
750 1128 880 1171 nocere.

300 1206 417 1299 Quinta
438 1226 531 1290 quem
552 1209 647 1289 nullis
670 1208 793 1272 domuit
813 1211 929 1293 lupatis

299 1308 396 1380 Uxor,
418 1306 453 1368 in
474 1330 609 1392 poenam
631 1308 775 1371 dominas
796 1327 942 1374 meretur
1148 1340 1193 1391 15

546 1411 676 1471 Ducere
706 1424 842 1473 eentum.

258 1640 318 1705 Ad
344 1638 502 1703 Paulum
521 1638 738 1701 nivernum
760 1639 800 1699 et
826 1638 981 1703 cauum
1010 1642 1143 1713 Vtr-

514 1742 644 1822 nlam,
678 1740 845 1805 ssotuos.

385 1885 435 1943 De
458 1879 601 1943 moribus
624 1893 657 1941 et
677 1893 789 1943 natura
807 1878 969 1962 sapientis.

560 2010 590 2073 0
611 2012 690 2074 DE
731 2013 771 2072 X.

504 2140 566 2196 Sub
589 2140 704 2215 porticu
729 2148 847 2194 cantata.

300 2268 445 2349 Frustra
467 2284 609 2369 querelis
630 2288 825 2351 conterimus
846 2290 948 2351 diem:

303 2391 368 2448 ism
387 2406 470 2449 nune
492 2385 615 2447 inaneis
636 2388 762 2461 mittite,
784 2388 897 2466 Stoici,

343 2487 441 2551 Rixus
463 2487 707 2570 louuurumque
727 2488 828 2553 verba

388 2588 507 2650 Pieriis
531 2586 681 2653 sustenta
702 2585 834 2651 chordis

302 2728 420 2793 Audite
443 2743 556 2793 vetem.
601 2730 682 2827 Quis
703 2731 852 2815 sapiens?
874 2730 943 2793 Sibi
1162 2766 1182 2813 5

305 2835 359 2896 Sat
377 2833 448 2915 ipss
469 2832 572 2913 solus3
609 2850 705 2915 quem
727 2853 833 2915 neque
856 2832 998 2897 dimovet

345 2932 374 2993 A
394 2933 464 2995 iure
485 2931 627 3006 libertas,
646 2934 815 2997 rosensis

385 3033 546 3119 Purpurei
567 3033 691 3097 violens
710 3033 847 3113 tyranni.

304 3180 452 3261 Regnare
476 3176 580 3251 dicas,
603 3174 657 3258 qui
678 3174 785 3256 posuit
807 3189 920 3248 metus,

263 3274 267 3283 '
304 3278 368 3341 Hic
394 3290 519 3361 sceptra
541 3275 684 3359 sumpsit.
712 3272 828 3336 Nobile
849 3294 919 3335 cum
940 3269 1008 3335 Dei
1137 3306 1176 3358 10

347 3374 513 3457 Templum
537 3374 578 3435 sit
599 3372 706 3443 orbis,
736 3371 833 3456 digna
853 3373 973 3457 templo

388 3479 503 3537 Pectus
526 3472 589 3531 erit
610 3468 765 3550 sapientis
787 3492 850 3533 ers.
