2600 4284
373 522 550 591 Lyricorum
567 521 630 580 Lib.
648 526 670 576 1.
691 529 732 582 31.
763 529 805 580 32.

191 689 266 750 Non
285 703 318 750 et
341 687 509 772 quibusvis
527 693 659 756 auribus
680 695 841 760 Arcadum

191 791 323 852 Secreta
345 789 469 874 pandus
490 791 604 856 taedia:
625 797 772 878 pecturia

231 891 341 952 Clausi
362 893 546 974 sepulcrum
574 894 674 960 vincit
701 899 825 961 omneis

273 992 375 1054 Turis
408 1013 487 1077 opcs
512 995 680 1081 violaeque
701 997 852 1079 odorem3

189 1141 329 1202 Humata
351 1140 410 1202 sub
433 1163 497 1226 quo
517 1147 648 1227 probra,
671 1148 845 1215 calumniae

188 1241 393 1325 iniuriaeque
415 1259 448 1306 et
470 1245 611 1310 dedecus
627 1250 773 1312 ultimum

236 1344 372 1426 Iraeque
394 1345 620 1432 vindictaeque
641 1349 767 1414 foetent

274 1444 404 1508 Funera
426 1461 460 1508 et
482 1447 624 1512 invidiae
646 1451 791 1516 cadaver.

489 1672 643 1689 m

317 1858 379 1921 Ad
397 1862 566 1926 arulum
587 1865 806 1934 Muranum.

280 2009 519 2081 Aetatemsactia,
537 2027 593 2066 uun
609 2019 704 2085 cunta,
724 2022 847 2079 utera.

414 2149 445 2216 0
465 2150 496 2210 Ι)
516 2152 546 2212 Ε
589 2153 718 2215 XXXII.

186 2300 304 2380 Hunc
326 2338 436 2380 senum
459 2318 559 2396 dices,
584 2307 685 2397 Arici,
706 2325 843 2404 beatum,

189 2421 271 2482 Cana
293 2440 361 2482 non
381 2419 471 2482 euius
492 2436 677 2485 numeratur
699 2440 795 2503 aetas,

189 2521 251 2584 eeu
272 2521 364 2584 velut
384 2520 525 2584 conchae
547 2523 629 2606 lapis
652 2525 847 2604 aestimatur,

436 2625 538 2686 Rarus
560 2625 672 2709 iaspis.

188 2723 330 2806 integras
351 2744 469 2808 parvus
490 2724 571 2808 lapis
592 2725 653 2788 iste
674 2753 782 2814 rupes,

189 2825 345 2888 Plurimas
365 2847 456 2900 unus,
479 2827 622 2910 pretiosa
641 2832 744 2896 vincit

191 2927 338 2991 Gemma:
362 2948 435 2988 nam
456 2925 561 2991 doteis
581 2929 736 2999 breviore
755 2955 834 3018 gyro

435 3027 602 3095 Contrabit
623 3035 762 3096 omneis.

189 3129 238 3190 Sic
262 3127 334 3190 dies
355 3127 439 3192 vitae
462 3132 614 3214 sapientis
636 3157 698 3198 una

188 3228 271 3292 bille
293 3229 462 3292 stultorum
484 3236 649 3315 superabit
669 3258 786 3315 annce;

189 3328 238 3392 Sic
258 3353 352 3395 anum
373 3331 516 3414 prudens
538 3333 655 3400 fatuam
674 3339 791 3423 puella,

436 3437 500 3497 Uva
521 3435 711 3502 labruscam.

985 531 1028 598 59

985 3268 1017 3319 10
