2600 4284
468 549 557 604 Liber
571 542 685 604 tertius.
940 551 982 622 75

122 732 244 795 triplex
259 724 279 778 i.
290 739 314 778 e.
325 721 418 777 hostis
435 721 552 795 triplex,
571 723 668 784 Saevi,
689 719 764 778 Galli
779 731 807 775 et
817 719 982 778 Vin'marius

122 808 348 867 consociati-
363 825 391 860 v.
407 812 721 876 meretricantium
740 807 862 862 sortasse
873 809 980 862 Banna-

121 917 177 953 rus
198 898 370 953 Suecorum
393 891 503 951 dux.—
518 902 603 952 v.15.
625 895 790 960 Numantia,
808 893 879 948 urbs
895 894 979 950 celti-

122 983 228 1038 beriae
246 983 277 1034 in
289 979 437 1054 Hispania,
463 996 517 1034 nec
535 995 621 1032 muro
640 995 693 1033 nec
712 978 843 1033 turribus
860 981 979 1049 munita,
1057 1001 1062 1008 ·

124 1080 154 1123 et
173 1077 307 1142 quatuor
327 1075 437 1122 tantum
455 1065 578 1120 miiitum
601 1063 728 1118 millibus
753 1063 894 1120 instructa
912 1085 980 1140 qua.

123 1154 303 1210 tuordecim
321 1151 399 1206 annis
416 1151 546 1224 fatigavit
563 1167 679 1224 magnos
690 1151 886 1206 Romanorum
900 1169 980 1209 exer-

122 1242 210 1296 citus.
234 1239 366 1294 Tandem
378 1237 474 1310 Scipio
486 1236 642 1291 Africanus
653 1237 749 1290 minor
767 1253 829 1290 eam
842 1235 918 1292 fame
932 1239 979 1294 de-

121 1327 199 1380 vicit
216 1330 286 1392 (133
296 1341 320 1376 a.
332 1323 422 1382 Clara.
432 1321 607 1378 Numantinis
625 1322 733 1378 similes
746 1323 919 1379 Germaniae
943 1325 979 1381 si·

123 1412 304 1485 gnificantur
317 1409 493 1463 civitates—
505 1415 577 1466 v.i8.
586 1412 719 1473 Tenedos,
734 1408 978 1466 insulamarisde-

124 1498 191 1571 gaci
206 1512 308 1570 prope
316 1494 441 1557 Troiam,
460 1509 519 1568 quo
533 1495 718 1548 occultarunt
734 1493 853 1549 classem
861 1495 977 1566 Graeci,

123 1602 194 1636 cum
212 1581 321 1637 relicto
341 1597 417 1654 equo
435 1581 529 1653 ligneo
548 1579 717 1634 simularent
731 1577 880 1636 obsidione
899 1584 976 1638 solu·

123 1678 187 1722 tam
209 1665 334 1722 Troiam
353 1666 498 1723 deserere.
519 1663 722 1737 significantur
740 1665 977 1723 adversariorum

123 1753 253 1808 insidiae
273 1769 305 1806 ac
323 1751 476 1805 machinae.
495 1750 621 1817 Priamo,
647 1767 715 1823 rege
726 1749 843 1819 Troiae,
862 1763 979 1811 notatur

121 1836 332 1896 ferdinandus
341 1840 393 1904 lll,
406 1835 574 1891 austriacas
588 1838 762 1908 imperator.
774 1865 807 1876 —-
817 1856 844 1892 v.
857 1844 979 1896 iwer-

126 1930 203 1980 dant
212 1923 230 1980 i.
240 1941 268 1995 q,
276 1922 393 1977 Troiani
403 1940 458 1994 pro
466 1923 586 1979 Austrii.
594 1956 628 1966 -
641 1926 869 1992 uraneayma,
882 1929 979 1994 lpiltc

124 2020 154 2064 et
175 2009 270 2075 Pelia,
287 2008 372 2063 sociis
386 2009 498 2063 Aeneae
517 2007 627 2063 excidio
641 2009 770 2062 Troiano
781 2028 809 2066 v.
818 2009 977 2084 Virg.llen.

125 2099 165 2156 11,
181 2101 234 2152 128
248 2110 311 2167 sqq.
325 2120 353 2135 -
375 2112 403 2150 a.
413 2100 455 2150 21.
478 2100 654 2160 Cassandra,
672 2093 776 2148 Priami
795 2104 824 2148 et
839 2095 976 2152 Hecubae

123 2180 202 2247 filia,
228 2188 318 2236 vates.
342 2183 510 2248 Polyxena,
540 2177 670 2234 eiusdem
693 2178 750 2232 lilia
772 2177 979 2238 formosissima

124 2281 294 2338 severaque
302 2263 562 2338 insigniscastilate.
574 2265 623 2318 De
631 2267 779 2330 Deiphobo,
790 2263 895 2319 Priami
903 2265 975 2336 filio,

124 2365 155 2407 et
178 2357 351 2420 Ucaleponle
368 2367 436 2404 senc
453 2349 488 2404 cl'.
507 2351 586 2424 Virg.
605 2349 675 2402 Aca.
691 2351 729 2414 ll,
743 2355 807 2406 310:
826 2347 894 2404 dum
908 2351 976 2407 Dai-

123 2435 219 2508 phobi
234 2434 313 2490 dedit
323 2434 417 2509 ampla
432 2435 545 2489 ruinam
553 2437 679 2491 Volcano
693 2446 848 2507 superante
860 2435 975 2507 domus,

125 2523 183 2575 iam
202 2521 355 2594 proximus
373 2519 456 2574 ardet
471 2523 627 2593 Ucalegon.

197 2606 288 2661 Ode
305 2607 391 2661 XXIl.
412 2613 471 2665 a&
490 2611 608 2675 lnequos
626 2613 706 2663 Soles
725 2609 745 2664 i.
758 2627 785 2682 q.
808 2609 866 2665 dies
883 2613 974 2683 pesti-

124 2693 227 2747 lentes.
246 2691 291 2747 cf.
304 2695 373 2746 Hor.
384 2691 437 2750 Od
450 2695 534 2761 1v‚²,
547 2697 589 2750 aa.
608 2692 665 2747 Sat
681 2697 702 2762 l,
713 2701 738 2762 9,
746 2701 793 2752 72:
814 2695 904 2750 solem
918 2708 973 2752 tem

124 2778 252 2851 nigrum.

196 2861 272 2917 Ode
289 2863 391 2918 Xlllll.
410 2882 436 2917 v.
449 2869 474 2921 3.
495 2870 575 2930 Stoa,
595 2882 622 2917 v.
640 2871 681 2933 12,
698 2875 722 2924 1.
737 2865 791 2921 Ed.
806 2865 918 2920 Monac.
930 2869 974 2923 11:

126 2959 231 3004 sectae.
245 2984 279 2994 -
296 2968 323 3003 v.
333 2955 358 3006 1.
379 2955 565 3005 clazomenae
582 2951 723 3024 oppidum
747 2952 844 3006 ioniae
863 2953 974 3007 mariti·

126 3053 223 3103 mum,
241 3033 293 3088 ubi
310 3033 408 3089 sanum
426 3045 489 3089 erat
505 3034 653 3108 Apollinis.
674 3037 767 3109 igitur
786 3037 973 3096 Clazomenes

128 3119 162 3186 (i.
175 3138 205 3192 q.
222 3119 441 3189 Clazomenius)
466 3138 523 3193 pro
540 3121 684 3193 Apolline.
701 3158 734 3166 -
753 3141 781 3176 v.
792 3131 817 3180 5.
837 3120 973 3180 Miseram

128 3204 299 3260 Stoicorum
317 3205 512 3261 conditionem
535 3217 564 3260 et
580 3209 655 3263 vitae
680 3207 864 3280 asperitatem
887 3209 971 3266 simili

127 3291 218 3346 modo
232 3289 370 3345 describit
382 3289 521 3347 Baldaeus
532 3293 562 3345 in
571 3293 712 3347 Encomio
725 3291 896 3349 Torvitatis:
921 3299 973 3352 Ta.

128 3379 171 3432 las
184 3374 324 3449 producit
337 3393 463 3432 sessores
474 3379 605 3450 porticus
623 3381 680 3434 alta
691 3384 763 3434 Tres
776 3378 901 3450 cubitos,
919 3401 970 3439 sex

129 3464 186 3519 lata
198 3461 299 3536 pedes,
319 3461 444 3538 oblonga
457 3473 613 3522 trecentos.
640 3469 811 3545 Quanquam
818 3476 913 3524 eatam
922 3467 974 3523 ob·
