2600 4284
258 546 317 613 100
513 570 515 575 .
569 537 671 595 Jaoobi
687 536 775 593 Baldo
836 530 839 537 ’

296 723 362 779 Aut
381 714 441 777 lata
463 727 524 795 per
546 732 626 795 quae
651 711 762 794 iugera
783 710 911 771 milvius
998 749 1002 759 ·

295 816 414 882 Volane
436 813 543 875 citatas
564 825 611 874 tot
633 812 744 873 stadiis
764 825 867 873 temen

337 913 479 976 Lassavit
499 911 588 974 alas?
608 915 700 974 Nune
722 912 814 973 avitis

378 1017 502 1078 Nomen
525 1013 580 1073 ubi
601 1008 729 1075 fluitare
751 1013 847 1074 hallis

298 1186 449 1268 Sparsum
471 1194 503 1243 et
520 1180 645 1244 cruenti
667 1181 796 1265 sanguis
817 1182 979 1267 originem

295 1289 434 1349 Foetens
455 1281 603 1364 tyranni?
631 1286 723 1345 Nune
742 1284 829 1345 lituis
850 1286 906 1347 ubi

337 1388 443 1451 Elisus
466 1397 498 1447 et
515 1404 629 1445 rumor
650 1404 770 1465 vapore

378 1488 472 1547 Astra
495 1503 592 1565 super
613 1484 813 1568 populosque
836 1484 969 1550 rectus?

296 1670 420 1733 Venter
441 1663 586 1747 pusillus,
608 1652 728 1745 grand'e
750 1660 922 1747 negotium,

298 1768 370 1863 Quo
391 1765 454 1827 iam
474 1762 632 1827 recessit?
664 1755 747 1857 Quis
769 1760 854 1848 leget
876 1780 983 1828 ostrea

338 1869 485 1929 Gaurana
505 1862 683 1949 pransuro?
705 1864 834 1948 Ligatae

381 1969 486 2064 Quem
507 1965 609 2029 veteri
630 1964 782 2027 saturabit
803 1987 864 2029 uva

295 2150 409 2233 Fuligo
432 2146 552 2211 testae?
573 2144 747 2208 Pomiferis
768 2145 824 2207 ubi

296 2251 473 2313 Autumnus
494 2248 628 2331 implens
649 2244 821 2309 arboribus
842 2248 975 2311 nemus?

285 2398 291 2407 .
337 2352 474 2413 F'unestn
498 2361 670 2410 creverunt
692 2346 804 2409 Adami

379 2452 504 2527 (lnsere
526 2468 610 2509 nunc
632 2447 809 2525 Meliboee)
831 2472 935 2533 poma.

295 2649 440 2731 Ingratus
460 2646 556 2710 heres
579 2659 705 2708 caetera
728 2646 872 2729 possidet

295 2750 342 2807 Te
363 2744 459 2811 ssente
481 2746 609 2825 ridens3
635 2746 689 2808 ille
711 2747 818 2829 palatii

338 2852 474 2910 Metator
497 2848 626 2911 insultat
647 2848 807 2929 sepulcro,

386 2948 490 3025 Calve,
516 2962 569 3011 tuo
590 2948 762 3032 titulosque
785 2947 892 3013 caleat.

296 3144 374 3205 Fert
393 3142 446 3205 ills
468 3146 611 3229 torqueis
639 3157 671 3209 et
692 3144 783 3226 Tyrii
805 3145 904 3209 vomit

297 3243 428 3327 spumas
450 3244 562 3308 abania
590 3260 621 3309 te
642 3244 839 3309 redimiculis

342 3343 477 3425 Cingent
497 3344 676 3405 inornatum
696 3346 843 3407 lacertae.

379 3438 547 3504 Heliadum
567 3441 650 3503 bibit
669 3443 725 3503 ille
748 3446 864 3505 eruatis
