2600 4284
265 528 331 604 35⁰
582 522 688 581 asom
701 522 791 579 nats

259 703 369 785 Equus
390 721 408 762 a
435 719 461 761 s.
483 692 563 761 lobs
585 696 768 783 descriptus
790 716 817 761 a.
840 700 985 763 XXXIX.
1013 700 1107 763 stab

259 800 389 851 auctore
427 804 499 847 cum
521 784 624 869 gratis
650 784 715 847 Dei
748 798 949 867 comparatus
980 806 1022 849 ex
1049 787 1106 851 iilo

413 868 556 933 Thomas
578 869 769 951 liempensis
791 869 937 933 oraculo:

337 1025 474 1079 suaviter
490 1026 616 1091 equitat,
634 1036 714 1091 quem
729 1025 833 1091 aratia
848 1025 901 1077 Des·
914 1028 1024 1091 portat.

357 1215 361 1223 ,
473 1156 519 1213 dd
536 1155 727 1214 fortissimum
747 1158 866 1214 heroem

441 1303 657 1383 Pmuppnm
678 1303 921 1369 Mardorum

258 1452 301 1508 Ex
319 1448 512 1526 antiquissima
529 1450 636 1506 familia
654 1452 965 1527 Wackermannorum,
984 1453 1016 1509 in
1034 1454 1104 1512 Cae·

460 1568 544 1606 sareo
562 1550 690 1607 exercitu
714 1550 891 1608 militantem.

534 1692 565 1757 Ο
587 1693 618 1755 D
639 1695 669 1754 E
708 1696 823 1761 XXIV.

296 1809 441 1887 diduco
463 1838 587 1908 pastum
611 1822 898 1909 sidereisequum,

296 1924 459 2009 Philipps,
483 1924 620 2009 campis,
642 1926 695 1989 cui
716 1946 778 1989 nec
799 1926 922 1989 Ariona

338 2026 504 2103 Adrastus,
525 2027 748 2094 Aetheremve
769 2027 847 2091 solis

333 2210 336 2219 Ι
380 2128 515 2191 Lucifer
536 2130 747 2215 aequiparare
770 2130 881 2214 possit.

296 2269 383 2333 Huic
405 2266 491 2333 cedit
512 2269 580 2333 alne
604 2271 746 2353 Cyllarus
767 2272 881 2356 igneae
1120 2276 1135 2327 5

295 2371 450 2457 Flavique
473 2372 616 2434 Xanthus
636 2374 750 2457 pulcer
777 2370 921 2435 richiiiei.

337 2476 378 2537 Ut
399 2494 457 2536 ore
479 2471 601 2537 fulvum
623 2473 745 2536 mandit
764 2472 889 2538 aurum!

378 2578 418 2640 Ut
441 2574 575 2641 virideis
598 2574 695 2659 agitat
717 2572 899 2659 smaragdos

295 2713 479 2799 (laudetque
500 2712 638 2797 spumis!
663 2727 697 2777 ut
717 2714 798 2775 mals
819 2711 958 2799 pendula

295 2816 428 2881 Ferocit
447 2815 631 2879 humectare
657 2814 806 2879 monilia!
1106 2818 1137 2871 tt

338 2918 406 2981 Ceu
427 2918 492 2981 vile
511 2916 705 3003 dedignetur
727 2930 850 2981 ostrum

378 3020 553 3103 impatiens
572 3016 776 3103 phalerarum
799 3034 832 3085 et
851 3018 930 3083 suri.

293 3163 330 3223 In
350 3159 432 3225 iusta
455 3159 589 3225 densum
610 3162 692 3225 coila
712 3159 886 3225 fluentibus

297 3265 413 3326 Erecta
435 3263 544 3328 cervix
565 3262 703 3325 luxuriat
724 3263 825 3338 iubis,

339 3363 426 3457 Quas
447 3383 513 3424 non
535 3364 568 3424 in
592 3363 713 3447 Argaei
733 3364 859 3447 pruinis
1102 3368 1131 3423 ts

377 3462 443 3523 Ant
464 3461 577 3525 tumidi
596 3462 672 3525 nive
694 3463 773 3530 iavit
793 3462 910 3539 Hebri,

114 3680 698 3923 2·an
