2600 4284
299 507 358 583 1'26
607 501 709 563 non
726 499 815 557 snae
913 516 919 528 ·

337 687 463 765 Regnat
483 691 631 744 venustas
653 674 812 737 discolor:
841 670 896 733 hic
916 671 1013 735 nives

337 789 510 848 Luctantur
530 781 565 840 in
586 778 738 852 culmum,
761 774 816 836 bic
836 785 960 862 tenuero
982 771 1122 851 iacent3

380 884 471 945 illinc
488 878 626 943 comanti
648 897 783 960 germen
804 887 892 935 ostro

421 982 566 1045 induitur
588 977 777 1063 gremioque
798 972 909 1037 mattis

341 1182 444 1247 Abire
466 1178 582 1264 gestit3
606 1172 763 1259 plurimus
785 1169 901 1232 emicat

341 1287 436 1367 Onyx
459 1282 493 1343 in
512 1277 651 1354 herbas3
673 1274 796 1336 areolas
818 1270 928 1333 virens

384 1383 525 1449 Partitur
548 1377 744 1461 insignitqne
765 1375 879 1435 buxus.

428 1486 545 1569 Sparsa
565 1480 668 1541 nitent
689 1488 813 1536 asarota
833 1470 966 1534 circum.

346 1661 450 1751 Quam
472 1676 552 1737 pura
572 1649 665 1716 vivae
687 1642 818 1731 prosilit
835 1663 855 1703 e
877 1660 956 1704 cavo

346 1761 474 1822 Aurora
493 1750 658 1837 lymphae3
687 1748 761 1809 fons
783 1741 907 1805 medius
929 1754 1020 1803 toros

387 1858 547 1921 Persultat
566 1850 776 1929 humorisque
798 1845 903 1906 lucem

431 1958 591 2043 Irriguum
612 1948 690 2013 iacit
706 1948 739 2010 in
761 1944 911 2008 duellum.
992 1930 995 1938 ’

349 2148 392 2211 At
412 2163 477 2205 non
500 2152 532 2201 et
553 2132 651 2198 arbor
673 2128 759 2191 nulla
781 2118 968 2188 canentibus

348 2242 498 2313 Demittit
519 2234 635 2300 aureis.
680 2229 756 2295 Vidi
779 2246 840 2310 ego
861 2221 958 2285 sibilo

392 2346 560 2426 Crispante
582 2349 688 2397 ramos
709 2327 791 2392 colla
812 2345 917 2389 ramos

434 2448 584 2508 Flectere
606 2448 639 2499 et
655 2430 796 2515 alloquio
816 2424 949 2489 moveri.

350 2616 454 2684 Sentit
474 2627 585 2697 poetas
605 2606 713 2669 mitius
734 2600 886 2666 orborum

351 2726 460 2787 Genus
483 2713 566 2778 sacri
587 2730 653 2773 non
673 2707 842 2767 immemor
864 2693 1001 2780 Orphei.

395 2815 550 2905 Agnoscit
570 2834 611 2875 ex
631 2810 688 2872 illo
711 2808 886 2867 Camoenas

434 2918 569 2983 Nutibus
590 2927 624 2977 et
644 2908 798 2973 foliorum
819 2915 909 2965 acuto

353 3126 504 3187 Susurrat
525 3111 630 3176 imbri.
671 3098 881 3169 Connubialia

354 3222 431 3294 Vidi
453 3222 590 3299 Lyaeum
612 3207 746 3274 tendere
766 3197 898 3266 brachia

396 3325 550 3401 vitesque
572 3314 746 3395 desponsos
767 3304 808 3367 ad
828 3301 949 3363 ulmum

438 3416 621 3488 viminibus
642 3409 770 3477 viduum
791 3399 897 3489 ligeri.
