2600 4284
292 512 355 583 Μ
606 513 708 569 iacobi
725 513 814 569 Bside

434 754 495 817 Ad
516 738 751 823 Molatdnm'
762 760 1005 828 Burconem·

522 911 579 961 cut·
597 924 617 961 a
633 910 743 961 Stoicis
758 914 916 965 munau.

579 1042 662 1111 OD
684 1044 713 1107 Ε
762 1045 847 1114 XVI.

334 1198 453 1289 Musa,
476 1213 554 1300 quid
567 1213 746 1279 exhorres?
768 1239 823 1282 res
843 1234 894 1283 est
911 1218 1076 1305 vulganda
1093 1222 1160 1287 Ca·

924 1321 1065 1398 moenis,

381 1401 430 1461 Nc
451 1394 574 1483 plureis
597 1398 697 1463 malus
717 1400 863 1487 inquinet
885 1423 991 1467 error.

333 1500 667 1564 Prodimusareanum:
675 1498 1044 1585 pudetahpudetedere,
1056 1508 1155 1572 cuius

382 1606 494 1687 Nuper
515 1624 603 1665 eram
622 1624 700 1687 pars
721 1622 843 1687 tutuno,
866 1605 1027 1683 Molossio,

341 1706 427 1765 inter
449 1725 596 1768 sessores
615 1718 648 1768 et
668 1725 729 1766 nos
750 1703 954 1768 consedimus
975 1709 1063 1786 iilos,

385 1805 450 1901 Qui
470 1806 581 1889 pressu
603 1805 740 1884 otentico¹
755 1806 910 1869 laborant.

340 1910 393 1969 Me
414 1909 508 1971 Bruti
531 1904 659 1992 effigies
681 1923 715 1971 et
733 1929 796 1973 vos
815 1906 920 1970 audita
939 1909 1073 1973 Catonis

384 2008 437 2071 Nil
457 2010 562 2072 animo
585 2010 705 2072 servile
727 2008 865 2073 ferentis

342 2112 385 2173 Et
405 2109 468 2173 duo
488 2108 682 2193 praebentes
703 2108 828 2173 Annaei
849 2108 930 2173 colla
951 2109 1076 2173 Neroni

385 2212 579 2294 Impulerant
602 2208 770 2275 admittere
792 2213 934 2300 gibbum,
1143 2232 1166 2281 tt

343 2313 398 2377 Sic
409 2326 525 2393 tamen,
542 2328 576 2375 ut
584 2314 687 2397 posita
700 2315 871 2377 Fortunam
881 2309 1020 2399 Fataque
1029 2335 1123 2399 supra

385 2416 503 2479 Cuncta
524 2414 600 2479 vehi
621 2412 796 2478 formidine
817 2412 953 2476 mallem.

343 2516 501 2602 Optabam
520 2515 623 2596 fronti
645 2514 792 2598 duplices
812 2514 969 2579 inducere
990 2538 1085 2603 rugas

386 2620 507 2703 Bisque
529 2636 635 2683 macer
657 2632 832 2702 torvusque
852 2616 967 2692 rideri,

333 2720 568 2805 lnquemodum
576 2722 1127 2806 steorae‚qnslemtsisseeropisolim
1138 2732 1164 2782 15

386 2822 448 2891 Vel
470 2824 557 2885 cives
577 2839 718 2905 posuere
740 2822 882 2914 Quirini,

346 2924 453 2989 Altior
476 2944 493 2987 e
516 2925 635 3007 populo
658 2941 826 2989 cornutum
848 2924 963 2987 tollere
986 2924 1094 2988 fastum

387 3027 428 3089 Et
448 3025 558 3088 tussim
579 3025 697 3089 iactare
722 3041 895 3089 sonantem.

345 3128 430 3188 Dum
439 3128 593 3191 Senecam
601 3129 696 3192 volvo
715 3141 747 3189 et
759 3145 890 3211 magnae
902 3124 1015 3189 solatia
1028 3126 1130 3190 meotis

388 3228 552 3291 Promittit
572 3228 724 3305 Lucilius,
748 3225 850 3291 eheu!
1129 3233 1156 3285 2⁰

346 3329 472 3399 Stoicus
494 3330 623 3391 intravit
644 3330 739 3392 tacito
761 3328 951 3412 praecordia
974 3328 1055 3413 iapsu

389 3430 431 3499 Et
451 3426 521 3491 fixis
542 3427 705 3492 radicibus
723 3430 835 3493 haesit.

187 3710 663 3909 tm
