2600 4284
258 541 323 613 stt
584 533 788 592 samninus

302 724 494 809 Frangimur
515 712 641 785 tsnile'm
661 732 758 805 puteo
780 721 969 803 frequentes
1107 712 1154 765 ²⁵

305 827 414 890 Ureei.
448 825 484 888 Si
505 848 573 887 sum
590 824 653 889 tibi
672 824 794 897 consul,
816 822 898 897 Auo,

305 930 456 992 Protinus
477 926 584 993 vives:
608 927 688 989 male
708 927 764 989 lux
786 938 950 1010 sequetur,

508 1012 515 1033 ⁹
557 1028 687 1111 Optima
709 1048 794 1091 nuno
816 1041 873 1089 est.

609 1158 764 1173 m

437 1276 498 1353 uu
519 1288 711 1353 {rhomam
731 1286 932 1351 Mororum

393 1445 412 1482 a
430 1430 528 1483 suecis
544 1431 725 1482 uutmatem
741 1431 769 1481 et
784 1429 949 1492 multotum.

542 1552 572 1616 Ο
597 1552 627 1643 D
653 1552 683 1611 E
730 1552 812 1617 Viii.

308 1668 393 1751 Non
417 1685 444 1745 si
467 1680 600 1745 deorum
621 1678 781 1743 exercitus
805 1676 949 1742 insolens

309 1786 448 1850 lnorevit
471 1786 574 1859 astris,
601 1798 774 1869 propterea
798 1795 892 1865 caput

352 1886 510 1951 Subduxit
532 1886 620 1949 Atlas
645 1901 677 1948 et
698 1898 862 1969 gravatum

393 1992 532 2088 Questus
554 2009 634 2051 onus
656 1984 749 2071 petiit
770 1982 882 2050 levari.

309 2134 337 2194 F
338 2130 459 2194 erenda
481 2130 599 2203 moles,
623 2127 727 2191 donec
748 2126 782 2189 iu
803 2122 979 2188 Herculem
1137 2131 1154 2179 t>

310 2234 400 2298 Coeli
423 2232 600 2296 columnam
621 2229 703 2293 sidat
723 2226 881 2290 idoneam.

355 2338 390 2397 ln
413 2350 444 2397 te
462 2334 667 2396 resistentem
692 2327 817 2401 minaci,

395 2439 514 2501 Cuncta
535 2435 611 2499 lieet
632 2432 821 2498 forstarius
842 2441 963 2500 eontra,

311 2580 451 2641 Fortuna
473 2576 593 2637 nullum
615 2573 664 2634 ius
687 2568 786 2633 habet
809 2564 969 2651 improba.

311 2684 390 2743 Nam
412 2701 471 2742 neo
494 2678 621 2740 beatum
642 2694 704 2736 nec
725 2672 880 2733 miserum
902 2666 991 2741 facit,
1120 2679 1151 2729 tu

356 2780 422 2844 Sed
444 2800 514 2843 osse
539 2797 714 2862 congressu
736 2786 901 2856 repertum

396 2882 529 2967 Detegit
550 2876 802 2963 opprobriisque
824 2887 917 2937 vexat

313 3033 412 3104 Tunc,
437 3046 509 3089 oum
532 3022 669 3109 subegit
696 3020 754 3083 Cui
775 3016 879 3103 potuit
901 3015 1001 3079 semel

313 3133 450 3204 Nocere,
474 3148 634 3213 nunquam
656 3144 788 3209 magnus
808 3130 886 3184 eret.
914 3120 1012 3181 Potes

357 3230 449 3294 Felix
470 3228 601 3301 haberi,
625 3227 663 3303 si,
687 3224 823 3297 Marino,

398 3332 487 3427 Quae
509 3344 560 3393 tua
580 3342 662 3408 suut,
688 3327 791 3394 alienu
814 3320 931 3387 credis.

1120 3206 1147 3257 15

616 3474 772 3491 m
