2600 4284
234 528 299 598 302
444 569 448 577 .
551 520 651 579 Jaealu
667 520 757 581 calda

233 703 314 763 Trea
336 699 414 764 iatoa
430 681 592 760 Thraaoac
608 714 738 779 acmpcr
755 696 908 761 conferta
922 698 1069 765 tolchae
1114 708 1153 761 1⁵

318 798 471 863 Helvidio
492 822 551 883 par
571 800 643 883 ipae
665 799 800 862 iuturus.

190 964 197 973 ,
232 909 368 989 lnaupcr
390 902 519 987 evulgaa
541 901 613 965 caui
634 914 758 965 acereta
779 900 933 985 magistri,

317 1007 439 1067 Conatu
459 1016 613 1067 temerata
633 1002 782 1085 profano.

233 1110 281 1173 Ac
298 1106 413 1170 merito
436 1105 560 1188 poaaint
581 1119 699 1167 tantum
721 1102 853 1168 conficta
875 1104 982 1167 videri

320 1208 478 1272 Alaaticae
501 1204 641 1269 ludibria
663 1204 792 1269 buccae.
1094 1214 1141 1267 20

235 1309 616 1395 Transfugapraeteritoa
628 1324 664 1371 ut
683 1306 1074 1392 ‹lamneaturpiterannos

316 1415 357 1476 Et
379 1413 495 1495 Cynica
517 1410 557 1473 ‹le
582 1406 695 1473 fraude
720 1410 875 1496 queraris,

236 1518 295 1580 Cui
318 1512 457 1579 noceas?
479 1512 563 1575 nulla
586 1511 668 1575 socii
690 1534 769 1598 quoa
791 1512 917 1576 deseris
937 1526 1006 1577 arte

316 1622 493 1701 Propterea
514 1617 567 1679 rel
590 1636 669 1679 voce
691 1628 868 1689 moventur,

234 1720 300 1786 Sed
321 1735 373 1783 tua
393 1734 582 1802 spernentes
602 1732 693 1781 recto
714 1717 854 1781 convitia
876 1716 962 1779 vultu
1079 1730 1122 1783 ²5

239 1836 245 1844 ·
317 1822 360 1885 Ut
381 1818 488 1905 rigido
509 1834 594 1885 statu
613 1841 689 1883 acre
711 1821 885 1886 columnae.

232 1927 304 1987 Nou
326 1922 411 1985 cadit
434 1923 467 1982 in
487 1944 567 1987 vere
589 1923 765 2006 aapientem
789 1919 920 1985 iniuria:
951 1924 1077 1989 canctia

318 2026 374 2086 lllc
397 2024 487 2086 naalia
509 2020 676 2085 sublimior
699 2038 790 2088 extat.

234 2127 333 2189 Iliaco
347 2127 443 2189 Stoao
455 2125 515 2189 iam
530 2144 614 2209 nuno
625 2140 798 2210 praecepta
815 2125 961 2191 immania
973 2126 1077 2199 inutlo

323 2227 480 2289 Virtutem
504 2226 645 2291 aolidarc
668 2228 783 2295 tenaci.
1077 2233 1110 2287 30

233 2333 342 2406 Duce,
361 2329 449 2413 quod
461 2328 634 2393 inculcanta
658 2330 807 2395 Pulcrum
824 2345 873 2395 cat
887 2345 920 2393 ut
935 2350 1078 2397 marmor

411 2463 415 2471 ·
467 2490 471 2495 .
861 2432 901 2495 ad
922 2435 1005 2497 ictua

320 2534 438 2597 Durari
458 2545 679 2618 tormentaque
702 2532 853 2599 frontum.

235 2637 384 2701 Pulcrum
414 2649 462 2698 eat
485 2633 517 2697 in
539 2634 693 2716 lacrymata
712 2657 873 2721 nunquam
891 2634 1073 2713 achaidcro,

861 2737 1004 2822 quamvia

317 2839 404 2902 Hinc
428 2839 557 2922 glaciata,
583 2837 657 2902 hinc
679 2851 826 2921 torqueat
846 2854 961 2906 aestua.

234 2941 384 3003 Pulcrum
405 2954 455 3005 cat
476 2941 618 3005 ceteruia
633 2942 756 3005 animoa
774 2938 909 3025 alligare
928 2942 1030 3027 aignia
1078 2956 1113 3013 co

319 3044 359 3103 Et
382 3042 468 3107 nullo
491 3056 618 3107 taraone
642 3040 835 3109 domandum

238 3148 399 3207 Fortunae
421 3158 547 3228 tergun
571 3145 722 3229 Fatiaque
742 3141 913 3208 oatendarc
933 3158 1057 3225 pertua,

318 3244 414 3340 Quod
436 3246 542 3330 aignet
562 3246 704 3311 formosa
727 3244 868 3309 cicatrix.

244 3349 361 3415 Pulcer
379 3348 715 3431 connumeraturus,
733 3366 941 3433 quaecunque
955 3345 1061 3413 citarit

321 3451 385 3515 Sca
406 3449 500 3515 velox
524 3470 583 3537 acta
604 3450 728 3518 tardior
751 3448 849 3531 hora3
1081 3456 1115 3511 to
