2600 4284
388 507 565 583 Lyricorum
582 508 643 566 Lib.
662 512 710 571 [ΙΙ.
731 515 772 567 47.

192 677 347 743 candebat.
376 679 487 756 Eheu,
512 702 578 743 non
600 681 714 744 iterum
735 681 810 746 fleat

192 782 304 842 Xerxes
326 779 362 843 ab
385 782 447 843 alto
466 796 575 843 monte
595 784 747 847 volubilis

228 882 387 965 Spectator
410 882 498 958 aevi,
525 898 639 967 quanta
659 884 761 947 nubes
835 922 839 930 ·
932 921 936 930 ·

262 984 539 1069 Omnigenumque
561 984 725 1055 hominum
747 989 889 1070 procella

187 1163 298 1226 Passim
319 1165 354 1226 in
376 1166 492 1249 plateis
514 1166 654 1229 volvitur
675 1166 770 1230 unico
868 1199 872 1207 ’
970 1201 974 1209 ·

187 1264 345 1328 Perdenda
367 1268 472 1334 seclo!
493 1268 583 1329 Nunc
604 1267 661 1328 ubi
684 1283 756 1331 sunt
779 1292 857 1353 opes

221 1371 337 1430 Tantae
365 1368 608 1452 renidentisque
630 1370 727 1432 bacea

259 1473 294 1529 ln
315 1470 457 1553 pretium
477 1470 617 1555 iugulata
637 1470 729 1533 vini?

185 1651 242 1713 Ubi
261 1654 409 1734 procacis
431 1666 503 1713 sunt
523 1652 740 1715 Ptolemaidos
802 1670 807 1677 ’
917 1730 920 1737 Ι

184 1752 343 1836 Villaeque
365 1767 397 1815 et
417 1750 529 1815 horti?
552 1752 753 1836 gemmiferis
773 1752 830 1815 ubi
854 1774 859 1781 ’
969 1761 973 1780 “

218 1856 353 1918 Laudata
372 1853 464 1915 venis
485 1854 592 1936 prisca
615 1856 732 1935 Coptos
831 1932 835 1941 Ι

255 1960 298 2019 Et
318 1955 440 2019 veteris
461 1952 561 2016 facies
582 1954 712 2035 Abydi?
733 1974 737 1982 ’

183 2140 320 2200 Perenne
342 2135 389 2206 nil
412 2148 469 2197 est·
517 2125 777 2217 Arsinoeierar,
860 2210 863 2216 Ι
915 2188 918 2196 ,
952 2196 955 2200 ,

185 2238 274 2302 Dives
296 2240 411 2317 Syene,
432 2237 545 2321 pulcra
564 2237 743 2319 Diospolis,

215 2340 360 2402 Bubastis
381 2340 451 2413 alta,
474 2326 566 2399 docta
588 2328 690 2412 Sais,

256 2446 292 2505 ln
312 2442 451 2503 tumulos
475 2437 584 2500 abiere
606 2430 722 2521 pulvis.
884 2425 888 2438 ¹

186 2625 319 2690 Chordae
341 2638 489 2688 sonantes
508 2625 689 2690 Memnonis
710 2639 744 2693 et
761 2646 874 2719 magus
936 2646 962 2702 ⁴.
992 2647 1002 2657 '

188 2728 418 2791 obmutuerunt.
464 2728 532 2792 Vos
555 2744 698 2809 qunque,
718 2730 864 2806 Tentyra,
923 2766 930 2795 ,-

217 2831 329 2894 laeetis
349 2830 385 2889 in
397 2828 518 2915 palmis
541 2827 682 2909 sepulta:
710 2889 715 2897 ,

255 2934 320 3001 Vix
341 2942 489 3014 superest
510 2928 695 2998 meminisse
715 2912 825 2990 vestri.

919 3022 932 3052 i·
964 3025 970 3054 i

189 3092 463 3199 remansuras
479 3094 627 3170 tentabas
643 3093 766 3170 onnia:

190 3214 331 3298 Memphis
351 3212 446 3277 Cair'o
467 3211 579 3282 cessit,
609 3198 833 3271 etihaee'ruet
972 3227 1006 3279 90

218 3320 255 3378 Et
273 3317 352 3378 urhs
374 3310 548 3376 Alexandri
571 3333 631 3395 per
653 3312 767 3372 orbem

257 3418 346 3481 Clara
367 3417 440 3490 tuis,
462 3411 682 3495 Philadelphe,
703 3410 806 3470 libris.

753 3525 784 3573 19
