2600 4284
378 521 549 592 Lyricorum
565 519 628 574 Lib.
647 523 667 574 1.
686 529 714 588 9,
733 529 774 582 10.
973 530 1012 600 19

185 709 238 772 ulo
258 708 402 772 deterius
425 709 516 786 nihil,

261 811 326 906 Qui
347 829 383 872 se
404 809 497 872 ferre
517 813 648 889 melum,
672 833 735 877 non
756 815 836 878 aiios
855 829 969 899 petest.

491 979 645 990 ———-

275 1157 337 1218 Ad
359 1157 605 1219 Generoeum
625 1155 831 1219 Dominum

366 1286 530 1350 Andream
550 1289 740 1365 Maeonium,

244 1411 375 1466 Viduum
398 1409 436 1466 de
459 1420 534 1466 statu
555 1409 630 1466 vitae
648 1410 864 1469 deliberantem

405 1524 505 1577 Same
520 1526 701 1590 recipimus.

453 1634 484 1695 0
495 1637 525 1695 D
537 1635 566 1695 Ε
599 1637 638 1696 X.

176 1759 247 1840 Per
259 1780 380 1843 fretum
404 1776 528 1855 Scyllae
550 1774 726 1858 Libycasve
747 1779 863 1858 syrteis

177 1877 247 1943 Fide
267 1881 388 1954 fallaci,
410 1879 557 1962 fugitive,
579 1892 694 1958 vent03
831 1879 834 1884 ’

177 1980 256 2056 Fide,
276 1981 481 2068 quantumvis
504 1978 620 2042 fremat
640 1977 739 2040 unda:
762 1977 820 2040 sed
841 2002 881 2043 ne

419 2079 502 2142 Fide
522 2081 659 2164 puellae.

177 2185 223 2246 llla
241 2206 306 2248 non
329 2204 396 2245 uno
417 2181 545 2244 sinuosa
566 2195 668 2245 tractu

177 2285 253 2348 Mille
273 2298 391 2346 natura
408 2283 552 2346 variante
573 2281 716 2346 fraudeis

177 2385 305 2449 Cireinat
326 2399 417 2447 retro
438 2381 635 2468 totidemque
658 2383 692 2444 in
713 2385 826 2448 orbem

418 2487 541 2548 Damna
562 2499 740 2568 retorquet.

176 2585 265 2670 [erga
286 2586 476 2661 verborum,
503 2583 675 2648 sedavere
697 2586 777 2659 veri,

175 2683 283 2750 Emicat
302 2685 420 2770 quovis
443 2684 613 2750 dubitanda
633 2688 721 2750 nictu
727 2708 738 2768 3

178 2786 273 2850 Vultus
294 2801 330 2849 ut
350 2784 504 2860 mendax,
524 2787 567 2850 ite
588 2809 669 2872 quae
690 2803 866 2874 sequuntur

415 2887 537 2950 Gaudia
556 2889 686 2952 vultitm.

175 2988 284 3072 Turget
305 2989 339 3050 in
362 2989 473 3053 dotem
493 3010 709 3074 reseransque
728 2986 865 3072 spondet

173 3088 303 3154 Candido
326 3092 442 3175 plenas
464 3091 567 3155 animo
589 3092 758 3155 mamillas:

173 3189 289 3256 interim
311 3191 412 3256 fallax
436 3205 469 3252 et
490 3192 596 3276 iniqde
619 3191 706 3274 putri

413 3290 521 3356 Ubere
542 3293 643 3356 laetat.

706 3390 752 3460 2*
