2600 4284
399 538 573 611 Lyricorum
590 524 656 592 nib}
676 539 723 595 tv.
744 546 785 599 ta·
971 546 1033 613 339

144 710 993 810 Quidreditnmmoneolnnnqnamquodirigia,ibis;
1017 732 1033 784 5

233 819 310 879 Huc
328 837 386 900 age
408 812 504 877 llccte
525 827 637 877 ratem.

142 919 299 1002 sperasti
312 914 483 981 'extremos
503 916 633 979 mollire
653 916 820 1003 proiectus
842 916 882 981 ad
902 915 999 983 Indos

231 1018 378 1082 Barbara
398 1017 497 1082 corda
517 1018 633 1084 virum.

143 1121 228 1185 Fata
249 1136 382 1184 vetant:
405 1120 495 1184 orbis
515 1120 619 1203 potuit
641 1122 814 1186 Germania
836 1140 928 1185 cures

230 1224 364 1287 Pellene
385 1238 493 1286 nostra
513 1221 600 1286 novi.
624 1242 628 1251 ·
1000 1222 1033 1279 10

140 1328 217 1389 Non
229 1347 312 1411 gens
329 1326 407 1388 dura
416 1324 485 1399 tibi,
509 1324 569 1387 sed
583 1324 942 1409 cereaPrincipiaaetas

232 1426 424 1490 Erudienda
446 1427 544 1491 venit.

141 1530 242 1592 Nulla
263 1528 462 1614 Philippinia
481 1529 644 1598 olnexerit
659 1530 762 1595 insula
780 1530 943 1594 claustris:

233 1634 393 1697 Teutonis
415 1632 483 1695 aula
503 1646 606 1696 vocat.

143 1733 297 1830 Qualiter
317 1734 482 1797 Aeaciden
503 1736 604 1817 Scyro
628 1734 779 1799 subduxit
800 1736 930 1818 Ulysses
999 1742 1031 1796 15

233 1836 289 1899 Ad
310 1836 381 1900 fera
402 1837 488 1901 bella
509 1836 643 1901 ducem:

147 1939 287 2003 Siateria
308 1960 487 2024 aequoreae
509 1939 653 2005 divulsus
675 1939 810 2024 rupibus
833 1958 909 2002 orac

230 2042 305 2105 Nec
326 2042 455 2107 latuisse
477 2057 580 2126 potes.

147 2142 255 2207 Educi
274 2144 408 2207 latebris
429 2144 626 2229 prohibebat
646 2158 749 2209 mater
770 2142 947 2205 Achillem:

236 2244 304 2311 Sed
322 2260 376 2311 tua
394 2268 511 2331 nempe
534 2248 631 2331 cupit.
997 2257 1030 2309 2⁰

148 2350 262 2413 Flecte
278 2363 395 2412 ratem:
412 2348 655 2414 decusAusonii
669 2367 849 2433 nomenque
863 2341 983 2407 mereri

232 2450 430 2536 Arseniique
453 2467 557 2535 potes.

148 2556 405 2616 Tununcnostra
416 2552 546 2638 quidem
556 2549 722 2636 praesagia
731 2548 845 2613 riseris
856 2566 864 2613 t
876 2560 986 2611 atmox

234 2653 365 2717 Pondus
386 2654 510 2731 habere,
530 2655 623 2718 scies.

154 2755 208 2817 Sic
229 2754 310 2817 mihi
332 2755 483 2822 fatidicus
504 2770 601 2821 noctu
620 2753 782 2839 praedixit
802 2753 936 2839 Apollo:
997 2757 1030 2809 25

237 2857 294 2920 stc
315 2859 466 2922 cecinere
487 2862 619 2923 Novem.

153 2956 242 3021 Anne
260 2973 293 3021 et
315 2980 376 3048 ego
397 2960 516 3025 ludor?
539 2959 627 3055 Quid
641 2958 727 3021 enim
742 2954 914 3023 Caducifer
930 2953 997 3017 ales

235 3061 354 3125 Missus
376 3062 415 3125 ab
439 3084 496 3125 axe
518 3062 649 3126 monet?

155 3162 210 3225 ille
230 3177 295 3237 ter,
316 3163 372 3226 ille
395 3178 506 3249 quater
524 3162 671 3249 vigilanti
694 3162 786 3225 sibila
808 3159 900 3245 virga

234 3263 348 3328 Edidit
372 3280 444 3329 ante
466 3267 576 3347 lyram.
998 3262 1031 3315 ³⁰

156 3366 196 3428 Et
215 3379 266 3429 tna
288 3364 442 3429 subduxit
462 3368 568 3429 subito
589 3362 671 3426 mihi
693 3360 821 3424 mobilis
843 3384 900 3427 ora

235 3467 470 3553 Substituitque
493 3467 608 3532 virum.

787 3582 838 3632 ²2⁸
