2600 4284
396 515 570 585 Lyricorum
590 516 655 571 Lib.
673 519 708 571 11.
728 525 754 572 2.

195 690 307 773 Strage
329 687 472 752 famosus
494 690 606 773 rapida
628 692 758 753 leonum

192 790 253 847 lam
272 790 369 872 lupos
391 790 476 854 vito:
499 791 605 873 pudor
626 790 691 853 heu
719 791 885 855 senectae!

191 892 308 951 Terret
328 906 489 953 assuetum
513 912 648 955 vacuare
671 889 766 953 silvas

443 992 546 1057 Obvia
566 993 689 1076 vulpes.

191 1089 292 1172 Saepe
313 1088 493 1155 dimensum
516 1092 650 1157 virideis
672 1091 713 1155 ad
731 1112 829 1155 annos

191 1194 314 1273 Corpus
335 1194 495 1273 expendo,
517 1214 578 1255 nec
600 1193 634 1253 in
655 1193 719 1256 hoe
740 1192 892 1257 Milonem

191 1292 295 1353 Cerno
317 1296 514 1376 quaesitum:
546 1294 626 1355 mihi
649 1312 744 1375 saepe
765 1294 861 1355 multa

433 1396 575 1457 Mentior
595 1394 669 1473 ipsi.

192 1492 309 1555 Forsan
331 1515 350 1553 a
371 1510 491 1557 memet
512 1495 608 1558 tacite
630 1494 760 1556 recessi.

192 1593 307 1654 Credat
322 1594 467 1661 immotis
486 1588 625 1681 pedibus
648 1594 781 1669 stetisse,

190 1694 244 1756 Vir
263 1718 359 1756 manu
379 1718 493 1778 pressa
513 1698 659 1761 retinens
685 1696 817 1778 inexpu-

439 1797 567 1881 gnabile
588 1789 740 1880 pomum?

187 1897 263 1961 Erro
284 1896 451 1981 figmentis
473 1897 631 1985 dubiaque
644 1896 741 1981 ¹vulgi

188 1998 286 2060 Laude
309 1999 489 2082 deceptus:
519 2019 625 2082 neque
646 2019 697 2059 me
719 1999 854 2064 iuvenco

190 2099 249 2161 [lla
271 2097 451 2161 luctantem
472 2099 643 2165 manulisve
665 2099 758 2181 pardi

437 2200 562 2282 Sparsit
582 2222 688 2263 arena.
754 2244 757 2251 -

190 2299 266 2395 Quid
288 2321 383 2363 rosas
406 2322 535 2382 semper
557 2302 722 2386 querimur
743 2298 908 2393 sugaeeis?

189 2401 326 2496 Quercus
350 2402 386 2462 in
408 2401 503 2485 nigro
526 2424 581 2464 sua
599 2401 662 2463 fata
683 2401 755 2463 luco
788 2449 793 2456 .
936 2391 942 2401 ⁴

188 2502 279 2565 Sentit
301 2516 334 2564 et
355 2500 485 2564 tandem
505 2503 626 2565 ruitura
648 2517 715 2564 toto

429 2602 559 2669 vertice
581 2617 678 2668 nutat.
705 2594 710 2604 ’

188 2702 282 2765 fortis
304 2718 367 2778 est,
390 2704 447 2787 qui
469 2724 503 2765 se
525 2718 618 2787 negat
639 2725 711 2781 esee
731 2703 867 2768 forteme
974 2741 978 2750 ι

191 2806 241 2864 Aut
263 2828 334 2866 suas
357 2818 448 2867 certe
469 2804 604 2867 meliore
629 2805 728 2867 vireis

190 2902 263 2987 Lege
285 2904 454 2991 dispensat
473 2926 615 2989 propere
638 2905 821 2991 sequenteis

430 3007 546 3068 Cautus
566 3006 600 3066 in
621 3028 730 3069 annos.

456 3247 602 3281 ——nssa-
