2600 4284
403 507 576 577 Lyricorum
586 507 649 562 Lib.
665 509 689 561 1.
706 512 748 565 18.
993 509 1035 576 33

211 677 268 739 His
289 677 369 740 felix
390 677 603 743 monitoribus
1017 687 1034 736 5

288 777 441 840 Praefers
461 779 620 843 taedifera
642 780 754 863 pulcra
776 777 926 861 Cupidini

210 879 305 941 Cerae
326 878 446 940 lumina
466 879 614 963 virginis.

287 979 342 1039 Sic
365 999 497 1040 caecum
518 1001 578 1062 per
598 981 662 1043 iter
683 980 787 1044 noetis
808 994 842 1043 et
856 979 989 1044 horrida

208 1078 315 1141 Ventis
340 1079 490 1142 tristibus
511 1101 650 1164 aequora
1073 1079 1077 1084 ’

285 1181 374 1241 Fixis
396 1180 559 1242 sideribus
579 1180 681 1242 fidere
703 1183 823 1261 eertior
1001 1200 1033 1250 1⁰

206 1281 374 1344 Errantem
391 1286 554 1349 Venerem
575 1281 674 1366 fugis,

280 1381 380 1477 Quod
400 1383 529 1465 pridem
550 1385 656 1446 tabula
678 1382 791 1446 debuit
810 1405 909 1447 aenea

206 1483 323 1543 Testari
343 1482 455 1565 paries
478 1504 584 1548 sacer:

281 1584 400 1648 Vitasti
423 1586 572 1667 scopulos
593 1605 629 1647 ae
650 1585 761 1668 Cyprii
782 1586 880 1648 meris

203 1686 399 1748 Fescennina
422 1687 573 1748 sonantia.
1001 1709 1031 1761 15

279 1789 325 1848 Ut
349 1785 439 1847 nullo
461 1801 582 1849 metuas
603 1786 770 1870 naufragio
790 1787 890 1865 mori3
1000 1812 1002 1815 ·

207 1887 378 1948 Deleetent
407 1906 465 1970 age
487 1889 658 1974 coniugem

282 1985 460 2070 Appendix
482 1987 627 2050 thalamis
649 1986 710 2052 fixa
730 1988 899 2073 iugalibus,

202 2088 322 2162 Proles,
345 2107 432 2163 eura,
457 2087 560 2163 labor,
579 2089 706 2154 metus?
735 2105 739 2110 ’

280 2191 325 2250 Et
339 2210 433 2272 quam
449 2189 515 2252 sola
529 2203 624 2274 queat
636 2189 775 2252 reddere
793 2212 880 2254 mors
894 2193 981 2275 putri
998 2210 1032 2260 2⁰

203 2289 349 2351 Libertas
372 2289 487 2364 oculo,
512 2291 625 2374 quies.

283 2390 382 2452 Eheu
402 2391 569 2471 perpetuis
590 2390 716 2453 vendita
738 2390 876 2476 iurgiis?

205 2490 307 2552 Cuuae
330 2510 403 2551 cum
424 2489 486 2551 tibi
507 2491 635 2576 vagient

281 2593 327 2651 Et
346 2611 401 2652 res
422 2591 506 2654 dotis
529 2612 628 2676 egens
650 2594 797 2676 coeperit
818 2592 927 2669 atteri,

204 2691 300 2752 Pullis
321 2713 421 2777 grana
442 2693 625 2775 petentibus
725 2760 728 2764 A
998 2719 1031 2770 2⁵

280 2793 355 2884 Qua
376 2793 475 2856 velles
497 2793 609 2874 eapitis
629 2807 720 2877 parte
740 2795 840 2856 miser
861 2792 968 2874 pilos?

205 2893 256 2954 Sin
278 2909 311 2957 et
331 2892 464 2978 tigridis
487 2915 505 2957 e
527 2913 625 2978 specu

283 2998 376 3058 Uxor
394 2993 557 3078 prodierit
584 3017 649 3059 nou
670 2996 740 3059 sine
763 2993 924 3070 claribus,

203 3099 290 3159 Malis
310 3113 387 3160 tunc
410 3095 572 3175 Scythicas
594 3097 702 3181 aequi·

282 3197 403 3260 Infelix
425 3196 510 3258 aeies
533 3212 698 3282 castraque
716 3198 885 3264 Bistonum
998 3224 1032 3277 30

205 3298 263 3362 Aut
284 3298 394 3384 frangi
411 3299 526 3380 laqueo
548 3299 664 3384 gulam.

281 3404 354 3464 Non
375 3413 428 3462 est
450 3397 576 3463 obsidio
595 3399 706 3463 militis
728 3401 847 3465 arctior

799 3508 815 3560 3
