<?xml version="1.0" encoding="UTF-8"?>
<!DOCTYPE html PUBLIC "-//W3C//DTD XHTML 1.0 Transitional//EN"
    "http://www.w3.org/TR/xhtml1/DTD/xhtml1-transitional.dtd">
<html xmlns="http://www.w3.org/1999/xhtml" xml:lang="en" lang="en">
 <head>
  <title>
</title>
<meta http-equiv="Content-Type" content="text/html;charset=utf-8" />
  <meta name='ocr-system' content='tesseract 3.04.00' />
  <meta name='ocr-capabilities' content='ocr_page ocr_carea ocr_par ocr_line ocrx_word'/>
</head>
<body>
  <div class='ocr_page' id='page_1' title='image "./jacobibaldecarm00mlgoog_0512.png"; bbox 0 0 2600 4284; ppageno 0'>
   <div class='ocr_carea' id='block_1_1' title="bbox 294 561 813 639">
    <p class='ocr_par' dir='ltr' id='par_1_1' title="bbox 294 561 813 639">
     <span class='ocr_line' id='line_1_1' title="bbox 294 561 813 639; baseline 0.006 -23"><span class='ocrx_word' id='word_1_1' title='bbox 294 571 335 639; x_wconf 83' lang='lat'>22</span> <span class='ocrx_word' id='word_1_2' title='bbox 601 561 813 620; x_wconf 78' lang='lat' dir='ltr'>annotationes.</span> 
     </span>
    </p>
   </div>
   <div class='ocr_carea' id='block_1_2' title="bbox 274 732 1145 3546">
    <p class='ocr_par' dir='ltr' id='par_1_2' title="bbox 278 732 1145 2944">
     <span class='ocr_line' id='line_1_2' title="bbox 290 732 1143 812; baseline -0.012 -16"><span class='ocrx_word' id='word_1_3' title='bbox 290 732 1143 812; x_wconf 75' lang='lat' dir='ltr'>Stoicus,quiiussulloronio‚quemopueriainl&#39;ormarat‚in</span> 
     </span>
     <span class='ocr_line' id='line_1_3' title="bbox 290 819 1145 895; baseline -0.009 -16"><span class='ocrx_word' id='word_1_4' title='bbox 290 825 395 880; x_wconf 85' lang='lat' dir='ltr'>balneo</span> <span class='ocrx_word' id='word_1_5' title='bbox 412 819 825 895; x_wconf 74' lang='lat' dir='ltr'>dissectiaveniaperlitasshr.</span> <span class='ocrx_word' id='word_1_6' title='bbox 837 824 875 878; x_wconf 83' lang='grc'>35.</span> <span class='ocrx_word' id='word_1_7' title='bbox 885 819 986 876; x_wconf 82' lang='lat' dir='ltr'>Utrina</span> <span class='ocrx_word' id='word_1_8' title='bbox 1000 835 1086 884; x_wconf 84' lang='lat' dir='ltr'>vero,</span> <span class='ocrx_word' id='word_1_9' title='bbox 1103 835 1145 872; x_wconf 81' lang='lat' dir='ltr'>an</span> 
     </span>
     <span class='ocr_line' id='line_1_4' title="bbox 290 903 1145 983; baseline -0.008 -18"><span class='ocrx_word' id='word_1_10' title='bbox 290 909 363 965; x_wconf 76' lang='lat' dir='ltr'>aliua</span> <span class='ocrx_word' id='word_1_11' title='bbox 376 908 431 964; x_wconf 79' lang='lat' dir='ltr'>sint</span> <span class='ocrx_word' id='word_1_12' title='bbox 445 909 624 983; x_wconf 74' lang='lat' dir='ltr'>tragoediae,</span> <span class='ocrx_word' id='word_1_13' title='bbox 642 923 716 980; x_wconf 85' lang='lat' dir='ltr'>quae</span> <span class='ocrx_word' id='word_1_14' title='bbox 732 905 858 960; x_wconf 77' lang='lat' dir='ltr'>Senecae</span> <span class='ocrx_word' id='word_1_15' title='bbox 873 906 985 959; x_wconf 86' lang='lat' dir='ltr'>circum</span> <span class='ocrx_word' id='word_1_16' title='bbox 997 903 1145 959; x_wconf 81' lang='lat' dir='ltr'>feruntur</span> 
     </span>
     <span class='ocr_line' id='line_1_5' title="bbox 290 988 1145 1063; baseline -0.008 -14"><span class='ocrx_word' id='word_1_17' title='bbox 290 994 415 1057; x_wconf 81' lang='lat' dir='ltr'>nomine,</span> <span class='ocrx_word' id='word_1_18' title='bbox 428 1004 610 1048; x_wconf 87' lang='lat' dir='ltr'>nonconstat.</span> <span class='ocrx_word' id='word_1_19' title='bbox 627 988 1145 1063; x_wconf 71' lang='lat' dir='ltr'>Hicestproculdubimquemalgni-</span> 
     </span>
     <span class='ocr_line' id='line_1_6' title="bbox 290 1075 1142 1148; baseline -0.002 -17"><span class='ocrx_word' id='word_1_20' title='bbox 290 1075 1142 1148; x_wconf 82' lang='lat' dir='ltr'>ficetBalde.Cordubaeautemnatuseratlilarcuaquoque</span> 
     </span>
     <span class='ocr_line' id='line_1_7' title="bbox 288 1157 1145 1237; baseline -0.009 -18"><span class='ocrx_word' id='word_1_21' title='bbox 288 1164 422 1219; x_wconf 74' lang='lat' dir='ltr'>Annaeus</span> <span class='ocrx_word' id='word_1_22' title='bbox 433 1167 574 1227; x_wconf 80' lang='lat' dir='ltr'>Lucanus,</span> <span class='ocrx_word' id='word_1_23' title='bbox 584 1175 670 1237; x_wconf 85' lang='lat' dir='ltr'>pocta</span> <span class='ocrx_word' id='word_1_24' title='bbox 678 1161 822 1228; x_wconf 85' lang='lat' dir='ltr'>heroicus,</span> <span class='ocrx_word' id='word_1_25' title='bbox 834 1160 883 1234; x_wconf 88' lang='lat' dir='ltr'>qui</span> <span class='ocrx_word' id='word_1_26' title='bbox 891 1159 1058 1216; x_wconf 72' lang='lat' dir='ltr'>Pharsalica</span> <span class='ocrx_word' id='word_1_27' title='bbox 1067 1157 1145 1214; x_wconf 84' lang='lat' dir='ltr'>ceci-</span> 
     </span>
     <span class='ocr_line' id='line_1_8' title="bbox 290 1245 1144 1323; baseline -0.005 -21"><span class='ocrx_word' id='word_1_28' title='bbox 290 1249 346 1308; x_wconf 82' lang='lat' dir='ltr'>nit,</span> <span class='ocrx_word' id='word_1_29' title='bbox 364 1247 498 1322; x_wconf 83' lang='lat' dir='ltr'>idemque</span> <span class='ocrx_word' id='word_1_30' title='bbox 506 1249 694 1323; x_wconf 85' lang='lat' dir='ltr'>philosophus</span> <span class='ocrx_word' id='word_1_31' title='bbox 712 1245 833 1314; x_wconf 83' lang='lat' dir='ltr'>Stoicus,</span> <span class='ocrx_word' id='word_1_32' title='bbox 854 1247 966 1301; x_wconf 82' lang='lat' dir='ltr'>occiana</span> <span class='ocrx_word' id='word_1_33' title='bbox 984 1261 1000 1297; x_wconf 89' lang='lat' dir='ltr'>a</span> <span class='ocrx_word' id='word_1_34' title='bbox 1019 1245 1144 1300; x_wconf 79' lang='lat' dir='ltr'>Nerone</span> 
     </span>
     <span class='ocr_line' id='line_1_9' title="bbox 290 1329 1143 1406; baseline -0.006 -19"><span class='ocrx_word' id='word_1_35' title='bbox 290 1333 328 1387; x_wconf 81' lang='lat' dir='ltr'>ol)</span> <span class='ocrx_word' id='word_1_36' title='bbox 346 1335 537 1406; x_wconf 70' lang='lat' dir='ltr'><strong>suspicionem</strong></span> <span class='ocrx_word' id='word_1_37' title='bbox 557 1333 785 1400; x_wconf 84' lang='lat' dir='ltr'>coniurationia,</span> <span class='ocrx_word' id='word_1_38' title='bbox 811 1331 910 1386; x_wconf 79' lang='lat' dir='ltr'>aetatis</span> <span class='ocrx_word' id='word_1_39' title='bbox 927 1347 1003 1385; x_wconf 85' lang='lat' dir='ltr'>enno</span> <span class='ocrx_word' id='word_1_40' title='bbox 1021 1329 1143 1402; x_wconf 74' lang='lat' dir='ltr'>trigesi-</span> 
     </span>
     <span class='ocr_line' id='line_1_10' title="bbox 290 1414 1143 1491; baseline -0.006 -19"><span class='ocrx_word' id='word_1_41' title='bbox 290 1437 346 1476; x_wconf 90' lang='lat' dir='ltr'>mo.</span> <span class='ocrx_word' id='word_1_42' title='bbox 371 1419 440 1475; x_wconf 77' lang='lat' dir='ltr'>Eius</span> <span class='ocrx_word' id='word_1_43' title='bbox 458 1429 540 1491; x_wconf 84' lang='lat' dir='ltr'>peter</span> <span class='ocrx_word' id='word_1_44' title='bbox 557 1429 620 1473; x_wconf 86' lang='lat' dir='ltr'>erat</span> <span class='ocrx_word' id='word_1_45' title='bbox 635 1419 725 1480; x_wconf 77' lang='lat' dir='ltr'>Mela,</span> <span class='ocrx_word' id='word_1_46' title='bbox 744 1415 835 1472; x_wconf 79' lang='lat' dir='ltr'>irater</span> <span class='ocrx_word' id='word_1_47' title='bbox 850 1415 986 1473; x_wconf 75' lang='lat' dir='ltr'>Senecae.</span> <span class='ocrx_word' id='word_1_48' title='bbox 1007 1414 1045 1471; x_wconf 83' lang='lat' dir='ltr'>cl.</span> <span class='ocrx_word' id='word_1_49' title='bbox 1064 1415 1143 1468; x_wconf 84' lang='lat' dir='ltr'>hiar-</span> 
     </span>
     <span class='ocr_line' id='line_1_11' title="bbox 287 1503 1142 1578; baseline -0.005 -18"><span class='ocrx_word' id='word_1_50' title='bbox 287 1505 362 1560; x_wconf 84' lang='lat' dir='ltr'>tialia</span> <span class='ocrx_word' id='word_1_51' title='bbox 380 1505 475 1578; x_wconf 85' lang='lat' dir='ltr'>Epigr.</span> <span class='ocrx_word' id='word_1_52' title='bbox 489 1507 510 1560; x_wconf 93' lang='lat'>1.</span> <span class='ocrx_word' id='word_1_53' title='bbox 525 1510 571 1561; x_wconf 71' lang='lat'>622</span> <span class='ocrx_word' id='word_1_54' title='bbox 590 1505 730 1578; x_wconf 86' lang='lat' dir='ltr'>Duosque</span> <span class='ocrx_word' id='word_1_55' title='bbox 748 1505 871 1560; x_wconf 83' lang='lat' dir='ltr'>Senecas</span> <span class='ocrx_word' id='word_1_56' title='bbox 887 1503 1070 1578; x_wconf 85' lang='lat' dir='ltr'>unicumque</span> <span class='ocrx_word' id='word_1_57' title='bbox 1084 1505 1142 1558; x_wconf 84' lang='lat' dir='ltr'>Lu·</span> 
     </span>
     <span class='ocr_line' id='line_1_12' title="bbox 289 1589 1142 1662; baseline 0 -18"><span class='ocrx_word' id='word_1_58' title='bbox 289 1589 393 1644; x_wconf 84' lang='lat' dir='ltr'>cannm</span> <span class='ocrx_word' id='word_1_59' title='bbox 417 1589 548 1645; x_wconf 80' lang='lat' dir='ltr'>Facunda</span> <span class='ocrx_word' id='word_1_60' title='bbox 573 1589 706 1662; x_wconf 85' lang='lat' dir='ltr'>loquitur</span> <span class='ocrx_word' id='word_1_61' title='bbox 730 1589 877 1646; x_wconf 85' lang='lat' dir='ltr'>Corduba.</span> <span class='ocrx_word' id='word_1_62' title='bbox 893 1621 927 1633; x_wconf 89' lang='lat'>-</span> <span class='ocrx_word' id='word_1_63' title='bbox 951 1605 980 1647; x_wconf 84' lang='lat' dir='ltr'>v.</span> <span class='ocrx_word' id='word_1_64' title='bbox 1000 1593 1043 1645; x_wconf 84' lang='grc'>16.</span> <span class='ocrx_word' id='word_1_65' title='bbox 1069 1593 1142 1656; x_wconf 72' lang='lat' dir='ltr'>&#39;np-</span> 
     </span>
     <span class='ocr_line' id='line_1_13' title="bbox 290 1674 1139 1748; baseline -0.001 -19"><span class='ocrx_word' id='word_1_66' title='bbox 290 1683 360 1731; x_wconf 83' lang='lat' dir='ltr'>mete</span> <span class='ocrx_word' id='word_1_67' title='bbox 379 1685 421 1731; x_wconf 81' lang='lat' dir='ltr'>eet</span> <span class='ocrx_word' id='word_1_68' title='bbox 439 1674 594 1748; x_wconf 80' lang='lat' dir='ltr'><strong>pulpitum,</strong></span> <span class='ocrx_word' id='word_1_69' title='bbox 614 1676 721 1730; x_wconf 79' lang='lat' dir='ltr'>theatri</span> <span class='ocrx_word' id='word_1_70' title='bbox 740 1675 849 1748; x_wconf 78' lang='lat' dir='ltr'>antiqui</span> <span class='ocrx_word' id='word_1_71' title='bbox 867 1691 944 1746; x_wconf 83' lang='lat' dir='ltr'>pars.</span> <span class='ocrx_word' id='word_1_72' title='bbox 968 1707 1002 1718; x_wconf 93' lang='lat'><em>-</em></span> <span class='ocrx_word' id='word_1_73' title='bbox 1039 1693 1069 1731; x_wconf 85' lang='lat' dir='ltr'>v.</span> <span class='ocrx_word' id='word_1_74' title='bbox 1094 1681 1139 1732; x_wconf 78' lang='lat'>²⁰.</span> 
     </span>
     <span class='ocr_line' id='line_1_14' title="bbox 287 1759 1140 1828; baseline 0.006 -15"><span class='ocrx_word' id='word_1_75' title='bbox 287 1765 434 1828; x_wconf 70' lang='lat' dir='ltr'>Spectatum</span> <span class='ocrx_word' id='word_1_76' title='bbox 450 1763 570 1816; x_wconf 67' lang='lat' dir='ltr'>Othonia</span> <span class='ocrx_word' id='word_1_77' title='bbox 585 1765 677 1816; x_wconf 76' lang='lat' dir='ltr'>matare</span> <span class='ocrx_word' id='word_1_78' title='bbox 688 1759 802 1816; x_wconf 88' lang='lat' dir='ltr'>videtur</span> <span class='ocrx_word' id='word_1_79' title='bbox 820 1759 919 1812; x_wconf 78' lang='lat' dir='ltr'>titulun</span> <span class='ocrx_word' id='word_1_80' title='bbox 937 1776 1000 1815; x_wconf 77' lang='lat' dir='ltr'>ease</span> <span class='ocrx_word' id='word_1_81' title='bbox 1013 1761 1140 1817; x_wconf 77' lang='lat' dir='ltr'>alicuius</span> 
     </span>
     <span class='ocr_line' id='line_1_15' title="bbox 287 1843 1140 1918; baseline 0.004 -18"><span class='ocrx_word' id='word_1_82' title='bbox 287 1843 353 1900; x_wconf 89' lang='lat' dir='ltr'>libri</span> <span class='ocrx_word' id='word_1_83' title='bbox 373 1843 408 1899; x_wconf 86' lang='lat' dir='ltr'>de</span> <span class='ocrx_word' id='word_1_84' title='bbox 426 1858 567 1918; x_wconf 88' lang='lat' dir='ltr'>apparatu</span> <span class='ocrx_word' id='word_1_85' title='bbox 587 1843 730 1902; x_wconf 86' lang='lat' dir='ltr'>theatrali.</span> <span class='ocrx_word' id='word_1_86' title='bbox 747 1873 781 1884; x_wconf 92' lang='lat'><em>-</em></span> <span class='ocrx_word' id='word_1_87' title='bbox 814 1861 842 1901; x_wconf 84' lang='lat' dir='ltr'>v.</span> <span class='ocrx_word' id='word_1_88' title='bbox 864 1851 904 1900; x_wconf 75' lang='grc'>25.</span> <span class='ocrx_word' id='word_1_89' title='bbox 934 1849 1072 1915; x_wconf 71' lang='lat' dir='ltr'>Morphea,</span> <span class='ocrx_word' id='word_1_90' title='bbox 1094 1866 1140 1903; x_wconf 87' lang='lat' dir='ltr'>ca·</span> 
     </span>
     <span class='ocr_line' id='line_1_16' title="bbox 288 1929 1140 2004; baseline 0.002 -20"><span class='ocrx_word' id='word_1_91' title='bbox 288 1929 401 1984; x_wconf 86' lang='lat' dir='ltr'>etellnm</span> <span class='ocrx_word' id='word_1_92' title='bbox 421 1930 657 2003; x_wconf 79' lang='lat' dir='ltr'>speculatorium.</span> <span class='ocrx_word' id='word_1_93' title='bbox 693 1931 815 2004; x_wconf 74' lang='lat' dir='ltr'>Aliquot</span> <span class='ocrx_word' id='word_1_94' title='bbox 833 1937 915 1983; x_wconf 90' lang='lat' dir='ltr'>erant</span> <span class='ocrx_word' id='word_1_95' title='bbox 935 1929 1024 1985; x_wconf 87' lang='lat' dir='ltr'>huius</span> <span class='ocrx_word' id='word_1_96' title='bbox 1047 1933 1140 1986; x_wconf 88' lang='lat' dir='ltr'>nomi·</span> 
     </span>
     <span class='ocr_line' id='line_1_17' title="bbox 285 2013 1138 2073; baseline 0.005 -3"><span class='ocrx_word' id='word_1_97' title='bbox 285 2016 330 2071; x_wconf 87' lang='lat' dir='ltr'>nia</span> <span class='ocrx_word' id='word_1_98' title='bbox 350 2017 479 2070; x_wconf 76' lang='lat' dir='ltr'>castella:</span> <span class='ocrx_word' id='word_1_99' title='bbox 508 2017 562 2071; x_wconf 87' lang='lat' dir='ltr'>hoc</span> <span class='ocrx_word' id='word_1_100' title='bbox 586 2026 682 2071; x_wconf 88' lang='lat' dir='ltr'>autem</span> <span class='ocrx_word' id='word_1_101' title='bbox 705 2028 784 2071; x_wconf 83' lang='lat' dir='ltr'>trane</span> <span class='ocrx_word' id='word_1_102' title='bbox 809 2013 961 2070; x_wconf 75' lang='lat' dir='ltr'>Iordanem</span> <span class='ocrx_word' id='word_1_103' title='bbox 991 2015 1022 2070; x_wconf 89' lang='lat' dir='ltr'>in</span> <span class='ocrx_word' id='word_1_104' title='bbox 1042 2029 1138 2073; x_wconf 84' lang='lat' dir='ltr'>extre·</span> 
     </span>
     <span class='ocr_line' id='line_1_18' title="bbox 285 2097 1138 2167; baseline -0.007 -14"><span class='ocrx_word' id='word_1_105' title='bbox 285 2100 339 2153; x_wconf 81' lang='lat' dir='ltr'>mis</span> <span class='ocrx_word' id='word_1_106' title='bbox 356 2099 462 2159; x_wconf 82' lang='lat' dir='ltr'>linibua</span> <span class='ocrx_word' id='word_1_107' title='bbox 479 2100 596 2167; x_wconf 81' lang='lat' dir='ltr'>Galaad,</span> <span class='ocrx_word' id='word_1_108' title='bbox 614 2117 715 2156; x_wconf 83' lang='lat' dir='ltr'>versus</span> <span class='ocrx_word' id='word_1_109' title='bbox 733 2111 844 2155; x_wconf 85' lang='lat' dir='ltr'>montes</span> <span class='ocrx_word' id='word_1_110' title='bbox 861 2097 994 2156; x_wconf 88' lang='lat' dir='ltr'>Libanon</span> <span class='ocrx_word' id='word_1_111' title='bbox 1013 2111 1044 2154; x_wconf 87' lang='lat' dir='ltr'>et</span> <span class='ocrx_word' id='word_1_112' title='bbox 1062 2105 1138 2158; x_wconf 79' lang='lat' dir='ltr'>Her.</span> 
     </span>
     <span class='ocr_line' id='line_1_19' title="bbox 283 2185 1134 2250; baseline 0.001 -11"><span class='ocrx_word' id='word_1_113' title='bbox 283 2197 367 2247; x_wconf 87' lang='lat' dir='ltr'>mon,</span> <span class='ocrx_word' id='word_1_114' title='bbox 392 2185 443 2239; x_wconf 91' lang='lat' dir='ltr'>ubi</span> <span class='ocrx_word' id='word_1_115' title='bbox 463 2197 654 2241; x_wconf 87' lang='lat' dir='ltr'>convenerant</span> <span class='ocrx_word' id='word_1_116' title='bbox 676 2186 859 2250; x_wconf 64' lang='lat' dir='ltr'>orlandino,</span> <span class='ocrx_word' id='word_1_117' title='bbox 889 2195 1047 2241; x_wconf 85' lang='lat' dir='ltr'>utcontra</span> <span class='ocrx_word' id='word_1_118' title='bbox 1067 2189 1134 2242; x_wconf 79' lang='lat' dir='ltr'>Am-</span> 
     </span>
     <span class='ocr_line' id='line_1_20' title="bbox 284 2269 1130 2344; baseline 0.002 -20"><span class='ocrx_word' id='word_1_119' title='bbox 284 2271 405 2341; x_wconf 82' lang='lat' dir='ltr'>monitas</span> <span class='ocrx_word' id='word_1_120' title='bbox 424 2279 463 2332; x_wconf 82' lang='lat' dir='ltr'>tr.</span> <span class='ocrx_word' id='word_1_121' title='bbox 485 2275 540 2334; x_wconf 80' lang='lat'><strong>30.)</strong></span> <span class='ocrx_word' id='word_1_122' title='bbox 562 2271 678 2342; x_wconf 83' lang='lat' dir='ltr'>lephtee</span> <span class='ocrx_word' id='word_1_123' title='bbox 703 2271 903 2326; x_wconf 84' lang='lat' dir='ltr'>corflrmarent</span> <span class='ocrx_word' id='word_1_124' title='bbox 921 2269 1130 2344; x_wconf 68' lang='lat' dir='ltr'>principatum</span> 
     </span>
     <span class='ocr_line' id='line_1_21' title="bbox 284 2354 1136 2419; baseline 0.004 -10"><span class='ocrx_word' id='word_1_125' title='bbox 284 2360 365 2419; x_wconf 78' lang='lat' dir='ltr'>corn.</span> <span class='ocrx_word' id='word_1_126' title='bbox 385 2373 411 2410; x_wconf 82' lang='lat' dir='ltr'>a.</span> <span class='ocrx_word' id='word_1_127' title='bbox 426 2361 457 2412; x_wconf 72' lang='lat' dir='ltr'>[A.</span> <span class='ocrx_word' id='word_1_128' title='bbox 471 2385 495 2396; x_wconf 89' lang='lat'>-</span> <span class='ocrx_word' id='word_1_129' title='bbox 517 2363 584 2412; x_wconf 80' lang='lat' dir='ltr'><strong>v.27</strong></span> <span class='ocrx_word' id='word_1_130' title='bbox 606 2359 706 2410; x_wconf 80' lang='lat' dir='ltr'>Arnon</span> <span class='ocrx_word' id='word_1_131' title='bbox 723 2355 828 2410; x_wconf 80' lang='lat' dir='ltr'>lluvius</span> <span class='ocrx_word' id='word_1_132' title='bbox 845 2354 874 2408; x_wconf 92' lang='lat' dir='ltr'>in</span> <span class='ocrx_word' id='word_1_133' title='bbox 882 2355 1061 2413; x_wconf 85' lang='lat' dir='ltr'>Palaestinae</span> <span class='ocrx_word' id='word_1_134' title='bbox 1072 2359 1136 2414; x_wconf 82' lang='lat' dir='ltr'>lini·</span> 
     </span>
     <span class='ocr_line' id='line_1_22' title="bbox 281 2421 1132 2518; baseline 0.004 -22"><span class='ocrx_word' id='word_1_135' title='bbox 281 2421 337 2497; x_wconf 77' lang='lat' dir='ltr'>lrua</span> <span class='ocrx_word' id='word_1_136' title='bbox 346 2442 373 2495; x_wconf 88' lang='lat' dir='ltr'>in</span> <span class='ocrx_word' id='word_1_137' title='bbox 386 2437 539 2495; x_wconf 80' lang='lat' dir='ltr'>meridiem</span> <span class='ocrx_word' id='word_1_138' title='bbox 548 2442 746 2513; x_wconf 80' lang='lat' dir='ltr'>spectantibus.</span> <span class='ocrx_word' id='word_1_139' title='bbox 762 2471 785 2483; x_wconf 88' lang='lat'><em>-</em></span> <span class='ocrx_word' id='word_1_140' title='bbox 810 2457 836 2494; x_wconf 82' lang='lat' dir='ltr'>v.</span> <span class='ocrx_word' id='word_1_141' title='bbox 849 2445 890 2497; x_wconf 79' lang='grc'>43.</span> <span class='ocrx_word' id='word_1_142' title='bbox 901 2443 1033 2508; x_wconf 81' lang='lat' dir='ltr'>lepittee</span> <span class='ocrx_word' id='word_1_143' title='bbox 1050 2445 1132 2518; x_wconf 83' lang='lat' dir='ltr'>leph-</span> 
     </span>
     <span class='ocr_line' id='line_1_23' title="bbox 282 2525 1134 2596; baseline 0.004 -15"><span class='ocrx_word' id='word_1_144' title='bbox 282 2537 328 2582; x_wconf 82' lang='lat' dir='ltr'>tae</span> <span class='ocrx_word' id='word_1_145' title='bbox 347 2525 413 2582; x_wconf 85' lang='lat' dir='ltr'>tilia.</span> <span class='ocrx_word' id='word_1_146' title='bbox 430 2556 465 2567; x_wconf 95' lang='lat'>-</span> <span class='ocrx_word' id='word_1_147' title='bbox 482 2544 507 2581; x_wconf 86' lang='lat' dir='ltr'>v.</span> <span class='ocrx_word' id='word_1_148' title='bbox 522 2533 564 2585; x_wconf 82' lang='grc'>59.</span> <span class='ocrx_word' id='word_1_149' title='bbox 585 2532 642 2582; x_wconf 73' lang='lat' dir='ltr'>Sed</span> <span class='ocrx_word' id='word_1_150' title='bbox 660 2531 737 2584; x_wconf 73' lang='lat' dir='ltr'>istud</span> <span class='ocrx_word' id='word_1_151' title='bbox 749 2531 901 2596; x_wconf 79' lang='lat' dir='ltr'>perapetur</span> <span class='ocrx_word' id='word_1_152' title='bbox 919 2533 996 2582; x_wconf 79' lang='lat' dir='ltr'>tntae</span> <span class='ocrx_word' id='word_1_153' title='bbox 1015 2527 1044 2584; x_wconf 89' lang='lat' dir='ltr'>h.</span> <span class='ocrx_word' id='word_1_154' title='bbox 1062 2545 1087 2586; x_wconf 87' lang='lat' dir='ltr'>e.</span> <span class='ocrx_word' id='word_1_155' title='bbox 1103 2529 1134 2584; x_wconf 86' lang='lat' dir='ltr'>in</span> 
     </span>
     <span class='ocr_line' id='line_1_24' title="bbox 282 2611 1131 2684; baseline 0.005 -17"><span class='ocrx_word' id='word_1_156' title='bbox 282 2612 421 2667; x_wconf 87' lang='lat' dir='ltr'>interiore</span> <span class='ocrx_word' id='word_1_157' title='bbox 444 2611 551 2666; x_wconf 77' lang='lat' dir='ltr'>theatri</span> <span class='ocrx_word' id='word_1_158' title='bbox 570 2622 662 2684; x_wconf 86' lang='lat' dir='ltr'>parte.</span> <span class='ocrx_word' id='word_1_159' title='bbox 682 2644 717 2655; x_wconf 95' lang='lat'>-</span> <span class='ocrx_word' id='word_1_160' title='bbox 734 2629 761 2668; x_wconf 82' lang='lat' dir='ltr'>v.</span> <span class='ocrx_word' id='word_1_161' title='bbox 779 2617 819 2670; x_wconf 82' lang='grc'>33.</span> <span class='ocrx_word' id='word_1_162' title='bbox 842 2617 1019 2670; x_wconf 62' lang='lat' dir='ltr'>attrectasse.</span> <span class='ocrx_word' id='word_1_163' title='bbox 1039 2619 1131 2672; x_wconf 84' lang='lat' dir='ltr'>Hora·</span> 
     </span>
     <span class='ocr_line' id='line_1_25' title="bbox 278 2695 1135 2766; baseline 0.001 -11"><span class='ocrx_word' id='word_1_164' title='bbox 278 2699 344 2766; x_wconf 84' lang='lat' dir='ltr'>tius,</span> <span class='ocrx_word' id='word_1_165' title='bbox 356 2717 383 2759; x_wconf 83' lang='lat' dir='ltr'>r.</span> <span class='ocrx_word' id='word_1_166' title='bbox 394 2697 448 2756; x_wconf 78' lang='lat' dir='ltr'>od.</span> <span class='ocrx_word' id='word_1_167' title='bbox 460 2701 528 2758; x_wconf 88' lang='grc' dir='ltr'><strong>Ι,38.</strong></span> <span class='ocrx_word' id='word_1_168' title='bbox 542 2697 623 2754; x_wconf 89' lang='lat' dir='ltr'>Colla</span> <span class='ocrx_word' id='word_1_169' title='bbox 635 2697 665 2751; x_wconf 91' lang='lat' dir='ltr'>in</span> <span class='ocrx_word' id='word_1_170' title='bbox 674 2695 845 2753; x_wconf 76' lang='lat' dir='ltr'>laetioribus</span> <span class='ocrx_word' id='word_1_171' title='bbox 859 2698 997 2753; x_wconf 83' lang='lat' dir='ltr'>conviviis</span> <span class='ocrx_word' id='word_1_172' title='bbox 1006 2717 1135 2756; x_wconf 84' lang='lat' dir='ltr'>corona·</span> 
     </span>
     <span class='ocr_line' id='line_1_26' title="bbox 280 2783 1130 2854; baseline 0.002 -13"><span class='ocrx_word' id='word_1_173' title='bbox 280 2786 394 2841; x_wconf 87' lang='lat' dir='ltr'>bantur.</span> <span class='ocrx_word' id='word_1_174' title='bbox 407 2787 477 2842; x_wconf 77' lang='lat' dir='ltr'>lior.</span> <span class='ocrx_word' id='word_1_175' title='bbox 491 2783 551 2841; x_wconf 86' lang='lat' dir='ltr'>Sat.</span> <span class='ocrx_word' id='word_1_176' title='bbox 570 2785 608 2850; x_wconf 89' lang='lat' dir='ltr'>ll,</span> <span class='ocrx_word' id='word_1_177' title='bbox 616 2789 642 2851; x_wconf 83' lang='grc'>3,</span> <span class='ocrx_word' id='word_1_178' title='bbox 651 2787 747 2843; x_wconf 68' lang='lat' dir='ltr'>zio.-</span> <span class='ocrx_word' id='word_1_179' title='bbox 763 2785 849 2842; x_wconf 83' lang='lat' dir='ltr'>v.ult.</span> <span class='ocrx_word' id='word_1_180' title='bbox 859 2789 952 2840; x_wconf 70' lang='lat' dir='ltr'>arrecta</span> <span class='ocrx_word' id='word_1_181' title='bbox 961 2791 1083 2854; x_wconf 79' lang='lat' dir='ltr'>partone,</span> <span class='ocrx_word' id='word_1_182' title='bbox 1102 2807 1130 2844; x_wconf 84' lang='lat' dir='ltr'>v.</span> 
     </span>
     <span class='ocr_line' id='line_1_27' title="bbox 281 2875 495 2944; baseline -0.005 -17"><span class='ocrx_word' id='word_1_183' title='bbox 281 2887 369 2944; x_wconf 79' lang='lat' dir='ltr'>cupre</span> <span class='ocrx_word' id='word_1_184' title='bbox 386 2877 435 2937; x_wconf 74' lang='lat'>28,</span> <span class='ocrx_word' id='word_1_185' title='bbox 454 2875 495 2927; x_wconf 81' lang='grc'>37.</span> 
     </span>
    </p>

    <p class='ocr_par' dir='ltr' id='par_1_3' title="bbox 274 2952 1130 3546">
     <span class='ocr_line' id='line_1_28' title="bbox 351 2952 1130 3022; baseline 0.005 -11"><span class='ocrx_word' id='word_1_186' title='bbox 351 2953 426 3011; x_wconf 84' lang='lat' dir='ltr'>Ocle</span> <span class='ocrx_word' id='word_1_187' title='bbox 439 2955 569 3011; x_wconf 79' lang='lat' dir='ltr'>XXXlV.</span> <span class='ocrx_word' id='word_1_188' title='bbox 579 2957 804 3022; x_wconf 71' lang='lat' dir='ltr'>Etereterpmv.</span> <span class='ocrx_word' id='word_1_189' title='bbox 813 2952 903 3020; x_wconf 80' lang='lat' dir='ltr'>adut,</span> <span class='ocrx_word' id='word_1_190' title='bbox 915 2959 991 3012; x_wconf 72' lang='lat' dir='ltr'>tt·</span> <span class='ocrx_word' id='word_1_191' title='bbox 1007 2967 1064 3018; x_wconf 74' lang='lat' dir='ltr'>ml.</span> <span class='ocrx_word' id='word_1_192' title='bbox 1073 2959 1130 3015; x_wconf 70' lang='lat' dir='ltr'>tlo-</span> 
     </span>
     <span class='ocr_line' id='line_1_29' title="bbox 283 3037 1129 3114; baseline 0.005 -20"><span class='ocrx_word' id='word_1_193' title='bbox 283 3046 363 3094; x_wconf 81' lang='lat' dir='ltr'>tenee</span> <span class='ocrx_word' id='word_1_194' title='bbox 382 3037 513 3094; x_wconf 87' lang='lat' dir='ltr'>medicua</span> <span class='ocrx_word' id='word_1_195' title='bbox 533 3050 596 3093; x_wconf 88' lang='lat' dir='ltr'>eret</span> <span class='ocrx_word' id='word_1_196' title='bbox 614 3038 731 3094; x_wconf 82' lang='lat' dir='ltr'>celeber</span> <span class='ocrx_word' id='word_1_197' title='bbox 755 3051 887 3114; x_wconf 88' lang='lat' dir='ltr'>tempore</span> <span class='ocrx_word' id='word_1_198' title='bbox 911 3041 1031 3101; x_wconf 76' lang='lat' dir='ltr'>Traiani.</span> <span class='ocrx_word' id='word_1_199' title='bbox 1052 3076 1080 3086; x_wconf 93' lang='lat'>-</span> <span class='ocrx_word' id='word_1_200' title='bbox 1101 3061 1129 3098; x_wconf 82' lang='lat' dir='ltr'>v.</span> 
     </span>
     <span class='ocr_line' id='line_1_30' title="bbox 277 3123 1129 3200; baseline 0.008 -22"><span class='ocrx_word' id='word_1_201' title='bbox 277 3131 320 3184; x_wconf 81' lang='lat'>25.</span> <span class='ocrx_word' id='word_1_202' title='bbox 339 3127 518 3193; x_wconf 75' lang='lat' dir='ltr'>l’raeterpee</span> <span class='ocrx_word' id='word_1_203' title='bbox 535 3123 666 3186; x_wconf 82' lang='lat' dir='ltr'>umbrae,</span> <span class='ocrx_word' id='word_1_204' title='bbox 685 3135 716 3179; x_wconf 92' lang='lat' dir='ltr'>ut</span> <span class='ocrx_word' id='word_1_205' title='bbox 733 3123 811 3198; x_wconf 84' lang='lat' dir='ltr'>opud</span> <span class='ocrx_word' id='word_1_206' title='bbox 823 3126 981 3200; x_wconf 73' lang='lat' dir='ltr'>l&#39;irg.hen.</span> <span class='ocrx_word' id='word_1_207' title='bbox 999 3129 1049 3195; x_wconf 76' lang='lat' dir='ltr'>xl,</span> <span class='ocrx_word' id='word_1_208' title='bbox 1062 3133 1129 3189; x_wconf 74' lang='lat'>³³82</span> 
     </span>
     <span class='ocr_line' id='line_1_31' title="bbox 275 3207 1127 3284; baseline 0.006 -22"><span class='ocrx_word' id='word_1_209' title='bbox 275 3209 371 3278; x_wconf 74' lang='lat' dir='ltr'>largus</span> <span class='ocrx_word' id='word_1_210' title='bbox 389 3223 477 3278; x_wconf 90' lang='lat' dir='ltr'>opum</span> <span class='ocrx_word' id='word_1_211' title='bbox 500 3207 526 3266; x_wconf 87' lang='lat' dir='ltr'>h.</span> <span class='ocrx_word' id='word_1_212' title='bbox 547 3226 572 3266; x_wconf 91' lang='lat' dir='ltr'>e.</span> <span class='ocrx_word' id='word_1_213' title='bbox 587 3209 683 3278; x_wconf 82' lang='lat' dir='ltr'>divee3</span> <span class='ocrx_word' id='word_1_214' title='bbox 704 3219 732 3264; x_wconf 88' lang='lat' dir='ltr'>et</span> <span class='ocrx_word' id='word_1_215' title='bbox 747 3213 825 3268; x_wconf 86' lang='lat' dir='ltr'>Pers.</span> <span class='ocrx_word' id='word_1_216' title='bbox 840 3211 864 3276; x_wconf 81' lang='lat'>1,</span> <span class='ocrx_word' id='word_1_217' title='bbox 886 3215 932 3267; x_wconf 78' lang='lat' dir='ltr'>il:</span> <span class='ocrx_word' id='word_1_218' title='bbox 952 3211 1053 3284; x_wconf 86' lang='lat' dir='ltr'>pulmo</span> <span class='ocrx_word' id='word_1_219' title='bbox 1071 3213 1127 3267; x_wconf 85' lang='lat' dir='ltr'>ani·</span> 
     </span>
     <span class='ocr_line' id='line_1_32' title="bbox 277 3291 1128 3368; baseline 0.007 -24"><span class='ocrx_word' id='word_1_220' title='bbox 277 3307 341 3344; x_wconf 85' lang='lat' dir='ltr'>mee</span> <span class='ocrx_word' id='word_1_221' title='bbox 359 3291 538 3362; x_wconf 73' lang='lat' dir='ltr'>praelargus.</span> <span class='ocrx_word' id='word_1_222' title='bbox 573 3296 636 3349; x_wconf 84' lang='lat' dir='ltr'>Hoc</span> <span class='ocrx_word' id='word_1_223' title='bbox 651 3293 740 3368; x_wconf 79' lang='lat' dir='ltr'>igitur</span> <span class='ocrx_word' id='word_1_224' title='bbox 758 3295 834 3364; x_wconf 65' lang='lat' dir='ltr'>elicit,</span> <span class='ocrx_word' id='word_1_225' title='bbox 852 3311 881 3349; x_wconf 84' lang='lat' dir='ltr'>ae</span> <span class='ocrx_word' id='word_1_226' title='bbox 894 3311 985 3368; x_wconf 75' lang='lat' dir='ltr'>poene</span> <span class='ocrx_word' id='word_1_227' title='bbox 994 3294 1128 3350; x_wconf 87' lang='lat' dir='ltr'>umbram</span> 
     </span>
     <span class='ocr_line' id='line_1_33' title="bbox 274 3379 1127 3454; baseline 0.004 -22"><span class='ocrx_word' id='word_1_228' title='bbox 274 3388 336 3428; x_wconf 65' lang='grc' dir='ltr'>συθ</span> <span class='ocrx_word' id='word_1_229' title='bbox 348 3379 493 3424; x_wconf 63' lang='lat' dir='ltr'>mium·-</span> <span class='ocrx_word' id='word_1_230' title='bbox 502 3391 529 3431; x_wconf 84' lang='lat' dir='ltr'>v.</span> <span class='ocrx_word' id='word_1_231' title='bbox 544 3381 585 3433; x_wconf 88' lang='grc'>33.</span> <span class='ocrx_word' id='word_1_232' title='bbox 600 3379 787 3450; x_wconf 81' lang='lat' dir='ltr'>Polyhymnia</span> <span class='ocrx_word' id='word_1_233' title='bbox 801 3389 828 3435; x_wconf 86' lang='lat' dir='ltr'>at</span> <span class='ocrx_word' id='word_1_234' title='bbox 838 3379 1041 3454; x_wconf 78' lang='lat' dir='ltr'>Terpsichore,</span> <span class='ocrx_word' id='word_1_235' title='bbox 1050 3379 1127 3436; x_wconf 86' lang='lat' dir='ltr'>duae</span> 
     </span>
     <span class='ocr_line' id='line_1_34' title="bbox 275 3451 1130 3546; baseline 0.001 -26"><span class='ocrx_word' id='word_1_236' title='bbox 275 3457 433 3520; x_wconf 57' lang='lat' dir='ltr'>Mummi</span> <span class='ocrx_word' id='word_1_237' title='bbox 449 3451 721 3546; x_wconf 64' lang='lat' dir='ltr'>illaptttmanaticae,</span> <span class='ocrx_word' id='word_1_238' title='bbox 740 3465 810 3530; x_wconf 73' lang='lat' dir='ltr'>haec</span> <span class='ocrx_word' id='word_1_239' title='bbox 824 3464 946 3522; x_wconf 84' lang='lat' dir='ltr'>aeltandi</span> <span class='ocrx_word' id='word_1_240' title='bbox 958 3463 1029 3520; x_wconf 83' lang='lat' dir='ltr'>artie</span> <span class='ocrx_word' id='word_1_241' title='bbox 1040 3480 1130 3538; x_wconf 83' lang='lat' dir='ltr'>prae·</span> 
     </span>
    </p>
   </div>
   <div class='ocr_carea' id='block_1_3' title="bbox 0 0 1304 4284">
    <p class='ocr_par' dir='ltr' id='par_1_4' title="bbox 0 0 1304 4284">
     <span class='ocr_line' id='line_1_35' title="bbox 0 0 1304 4284; baseline 0 7"><span class='ocrx_word' id='word_1_242' title='bbox 0 0 1304 4284; x_wconf 95' lang='lat' dir='ltr'> </span> 
     </span>
    </p>
   </div>
  </div>
 </body>
</html>
