2600 4284
476 694 536 757 Διὶ
555 696 761 759 nectorem
791 700 976 779 epllogus.

375 944 521 1001 Dedecori
541 943 702 1002 Christiano
729 964 792 1003 esse
813 949 924 1003 nomini
945 949 970 1013 si
989 960 1092 1005 nostra
1112 968 1161 1007 ae·

306 1038 363 1084 tata
383 1030 556 1086 clarissimus
565 1050 640 1088 unus
650 1032 811 1090 Latinitatis
823 1034 968 1105 arbiter')
984 1054 1160 1092 asseverare

307 1130 340 1167 ac
360 1114 395 1171 de
414 1114 550 1171 cathedra
573 1118 745 1191 praedicare
769 1118 931 1176 academica
954 1140 1015 1178 non
1041 1122 1160 1179 dubita-

307 1202 360 1271 vit,
377 1218 435 1257 non
453 1203 576 1259 lectitari
595 1205 792 1281 explicarique
812 1208 980 1264 Christiania
996 1210 1026 1263 in
1044 1210 1157 1264 scholia

305 1287 478 1362 Lyricorum
490 1288 573 1345 huius
591 1291 713 1345 nominis
731 1294 878 1364 praeclara
895 1306 1042 1367 poemata,
1064 1299 1158 1353 Ilota-

303 1374 377 1428 tium
396 1374 625 1449 aequiparantia:
658 1374 729 1450 quid
747 1390 801 1441 est,
826 1380 907 1452 quod
925 1382 997 1438 haec
1016 1384 1158 1449 carmina,

306 1476 482 1534 quaequam
496 1460 638 1536 gravitate
656 1478 688 1515 ac
708 1474 856 1520 venustate
873 1484 986 1536 rerum,
1005 1478 1069 1524 tum
1085 1486 1159 1542 poc·

305 1544 380 1601 ticae
401 1545 533 1603 dictionis
558 1548 695 1623 elegantia
719 1558 748 1603 et
771 1553 861 1625 gratia
884 1562 1040 1627 tantopere
1060 1550 1158 1609 excel-

303 1631 373 1699 lant,
389 1642 504 1689 nostrae
517 1632 634 1691 tradere
649 1632 788 1691 iuventuti
804 1636 995 1695 haesitemus?
1012 1640 1155 1697 Nimirum

302 1716 446 1792 integrum
465 1718 579 1775 iuvenis
596 1732 698 1793 pectus
720 1738 753 1777 ex
772 1722 853 1778 sonte
865 1725 1024 1797 purlsaimo
1038 1726 1154 1798 capien-

303 1802 362 1857 tiae
379 1803 470 1859 verba
490 1804 630 1860 adbibere
649 1804 809 1863 desiderate
836 1808 971 1883 antiquos
989 1827 1064 1865 vero
1083 1824 1152 1885 poe·

302 1899 343 1943 tas
360 1906 418 1942 non
436 1892 529 1946 rarius
549 1890 707 1946 libidinum
730 1892 850 1948 iaculari
874 1894 967 1967 ignea,
997 1912 1083 1969 quarn
1108 1910 1154 1948 ae-

302 1976 380 2029 mina
393 1986 528 2050 spargant
540 1978 692 2047 virtutum,
711 1977 902 2034 constatinter
916 1996 1029 2039 omnes,
1047 1984 1147 2062 Quam·

303 2059 407 2115 obrem
425 2062 634 2118 Archilochum
657 2074 772 2137 poetam
798 2062 964 2137 egregium,
994 2065 1045 2121 sed
1059 2066 1146 2137 impu·

304 2144 437 2202 dicorum
462 2148 632 2223 scriptorem
657 2167 795 2205 versuum
812 2150 936 2204 Lacones
955 2168 1017 2205 una
1036 2168 1100 2206 cum
1115 2148 1150 2203 li·

302 2232 438 2288 hris'ciua
453 2234 528 2289 urhe
541 2234 684 2307 expulisse
696 2234 823 2309 legimus.
838 2234 926 2309 atqui
938 2236 1151 2292 maximacerte

304 2314 431 2374 debetur
450 2322 616 2376 reverentia
635 2337 740 2393 puero.
759 2324 817 2377 Nee
829 2318 927 2375 eadem
940 2330 984 2375 eat
997 2322 1150 2395 quamlau·

303 2404 371 2461 dant
384 2408 425 2463 illi
438 2408 671 2481 probitatisratio
682 2418 953 2483 atquenoatrorum.
966 2408 1041 2463 Nam
1056 2409 1080 2461 ai
1089 2424 1150 2461 cau·

303 2509 360 2547 eam
369 2510 490 2566 quaeras
498 2492 989 2552 undevirtutcscommendenturab
998 2494 1071 2559 istie,
1083 2510 1151 2547 uun-

303 2596 390 2653 quam
404 2598 462 2633 non
476 2580 634 2635 naturalem
650 2582 783 2653 reperies
790 2598 800 2649 3
818 2594 958 2652 persaepe
971 2588 1101 2651 quaeest
1112 2577 1149 2633 ri·

302 2664 412 2719 tiorum
422 2684 452 2719 ac
460 2666 577 2720 sceleris
585 2665 682 2720 cadem
691 2666 783 2731 radix,
798 2662 873 2718 idem
882 2662 955 2719 tons.
974 2664 1014 2718 At
1024 2664 1149 2717 enimve-

302 2770 337 2805 ro
350 2752 406 2805 hoc
416 2752 502 2825 longe
515 2750 730 2823 secuaeatapud
739 2770 814 2817 eum,
829 2748 918 2804 modo
927 2748 1147 2821 quemilluetra·

302 2836 541 2908 vimua‚poetam.
560 2836 650 2892 Huius
659 2836 734 2889 enim
744 2835 943 2891 laudationum
958 2836 1149 2911 omniumque

302 2938 386 2976 causa
400 2923 544 2977 actionum
559 2938 815 2994 aupremaaemper
832 2921 925 2995 ipsum
940 2930 983 2975 eat
1004 2938 1148 2976 autentum

301 3008 424 3074 Numen,
444 3026 519 3083 quae
535 3005 998 3064 estomniaveriasimaunalaudia
1011 3006 1149 3061 nobilitas

302 3103 390 3167 atque
415 3095 597 3166 praestantia.
632 3094 694 3169 lige
719 3100 861 3147 assuescat
886 3107 968 3145 saera
991 3092 1149 3168 progeniae

301 3194 398 3234 amare
418 3180 552 3236 coelestia
570 3179 733 3253 divinisque
751 3176 868 3234 accendi
886 3176 1056 3235 virtutibut.
1083 3180 1145 3235 Nou

318 3331 343 3397 ⁸)
363 3334 456 3380 cirola·
472 3340 548 3384 Falci.
566 3339 686 3386 liaiaricha
702 3340 759 3399 proi.
777 3340 802 3386 in
819 3340 934 3387 academia
956 3340 1075 3385 ttonmu
1092 3354 1147 3385 aua

361 3402 475 3459 eupttioae
492 3407 616 3453 aunum.
