2600 4284
266 520 331 591 313
589 505 692 566 Jacobi
710 500 799 564 natas

307 694 372 752 Iam
394 674 510 771 qu'otus
531 679 656 764 primae
679 678 793 741 similis
815 675 964 741 farinae?

306 794 408 854 Nemo
430 806 495 848 nou
517 782 628 858 saevit,
653 781 754 858 timet,
782 779 882 857 ardet,
904 777 982 843 odit.

305 890 452 975 Mugiunt
471 886 566 959 tauri,
587 882 683 947 video
706 885 828 962 leones,
852 958 859 970 ι

544 989 703 1066 ,Τετιέον
727 988 822 1051 ursis.

306 1093 429 1187 Quanta
451 1088 612 1155 uindictae
634 1089 743 1153 rabies
766 1088 805 1151 ab
828 1089 901 1155 imis

306 1197 440 1257 Aestuat
459 1190 575 1257 renis?
598 1190 677 1274 quid
699 1213 809 1255 amore
831 1190 945 1283 peius?

306 1297 371 1358 Aut
392 1294 470 1379 quid
490 1295 643 1358 humanas
664 1294 841 1359 cumulante
869 1293 986 1361 caedes

558 1395 695 1457 Tristius
713 1395 783 1459 ira?

304 1504 439 1582 Insuper
461 1497 567 1562 nullus
586 1496 700 1559 modus
721 1511 769 1561 est
788 1497 940 1563 habendi.
1011 1544 1023 1553 ..

305 1608 420 1687 Magna
439 1601 493 1666 vix
512 1620 622 1683 pnsum
643 1618 843 1686 puerumque
865 1622 980 1685 parvas

305 1708 418 1789 Regna
439 1715 513 1788 pest
534 1722 633 1766 cunas
654 1703 799 1788 capiunt,
822 1720 883 1769 nee
904 1724 987 1767 uuus

560 1802 688 1870 Sufficit
707 1804 809 1872 orbis.
846 1825 849 1834 ·

305 1906 470 1971 Seiveram
494 1920 603 1973 coetos
624 1906 724 1974 nimie
747 1928 884 1991 vapores

305 2009 390 2082 Sole,
414 2007 489 2071 dum
509 2007 691 2091 splendent,
713 2009 815 2074 oeulis
835 2028 973 2073 nocere:

306 2110 393 2172 Hine
415 2110 518 2193 nigris
540 2111 613 2175 auri
633 2108 742 2178 radies
755 2112 902 2177 cavernis

553 2210 694 2275 Provida
716 2214 791 2275 texi.

306 2320 403 2379 Tecta
427 2315 570 2381 sessores
591 2313 678 2379 avidi
700 2315 825 2380 aunella

308 2419 400 2482 Scire
424 2433 605 2483 scrutantur
624 2429 859 2500 penetrantque
884 2414 924 2479 sd
941 2416 1021 2479 iuras

306 2520 463 2584 Montium
484 2519 596 2582 talleis
617 2519 731 2602 procul
755 2531 789 2581 et
809 2518 874 2587 leri
896 2518 970 2583 sub·

556 2619 651 2683 urbia
673 2620 770 2683 Ditis.

305 2722 393 2818 Quid
414 2720 527 2785 furens
549 2721 584 2783 in
608 2742 660 2785 sne
684 2723 794 2791 Venus
816 2736 849 2787 et
871 2722 968 2805 Lyaei

307 2824 454 2907 Thyades
475 2836 624 2907 peccent,
644 2839 752 2888 taceo:
775 2824 939 2909 pudendas

306 2931 377 3012 Ipsa
400 2925 564 3012 speluncis
583 2925 709 3010 aliaque
733 2942 827 2991 noete

557 3026 672 3094 Obrue
695 3029 830 3093 noeteis.

304 3130 345 3191 Ut
366 3149 464 3213 genas
486 3141 593 3195 servet
613 3128 831 3215 liquidamque
853 3151 977 3210 reeens,

306 3230 458 3293 Floridus
478 3237 589 3299 Messe
611 3252 694 3315 puer
717 3232 844 3299 eririli

304 3330 458 3395 Truditur
479 3352 566 3409 sexu,
587 3332 723 3418 Phrygii
745 3333 803 3395 sub
824 3334 891 3405 ictu

557 3434 694 3504 Vietima
714 3437 819 3503 cultri.
