2600 4284
354 508 526 583 Lyricorum
541 506 609 563 ctb.
627 507 681 563 111.
701 513 724 563 t.
963 506 1024 576 191

194 681 351 763 Ningum,
372 703 412 741 aa
434 679 516 741 albis
539 699 615 747 sera
635 678 716 740 titiis

196 786 319 841 Mavors
339 780 493 841 inundat?
522 781 610 843 Stant
630 780 756 864 aquilae
772 794 885 842 truces

236 884 283 943 Ad
305 883 393 966 signa
414 880 656 964 vindictamque
675 881 787 943 stricto

275 984 464 1067 Armigecae
484 981 681 1043 meditantur
702 983 813 1067 ungui.

193 1152 331 1215 Sublime
352 1152 449 1214 motis
471 1172 547 1215 asra
568 1151 719 1214 iconibus

193 1258 345 1317 Percussa
367 1253 473 1337 rugit3
496 1253 592 1335 p'lcna
612 1266 739 1315 tument
754 1254 841 1315 ‘Noto

232 1357 355 1422 Vexilla
376 1355 622 1438 crispanturquc
638 1350 730 1414 dcxc

268 1461 333 1519 Per
353 1454 476 1519 refluos
498 1456 627 1519 sinuosa
647 1474 757 1538 gyros.

191 1644 271 1706 Hinc
290 1643 392 1729 Belga
412 1654 531 1726 pugnat
550 1640 643 1703 miles
665 1640 807 1714 Iberiae‚
888 1708 892 1716 ⁴

189 1743 360 1806 Hollandus
382 1743 472 1807 illinc
495 1742 648 1826 sulphure
670 1744 815 1827 pectoris

228 1842 383 1907 Accendit
404 1844 468 1906 iras
491 1860 523 1908 et
538 1844 650 1906 doloso

268 1944 465 2029 Ambiguum
486 1947 596 2030 coquit
617 1947 693 2031 igne
714 1946 845 2010 bellum.

194 2122 313 2187 Arctata
332 2123 432 2186 vastis
454 2144 593 2207 aequora
614 2126 765 2200 molibus,

194 2224 285 2288 Silvas
307 2238 341 2287 et
359 2222 473 2285 urbeis
496 2240 528 2286 et
548 2224 673 2288 medios
695 2226 804 2289 ferunt

230 2328 367 2389 Mouteis
390 2328 645 2411 Batavorumque
667 2328 801 2389 classem

267 2428 443 2495 Soliicitam
464 2424 624 2491 maduisse
647 2430 770 2513 Gange.

189 2624 245 2690 Hic
268 2628 359 2692 orbis
379 2629 435 2691 illc
458 2642 508 2691 est
527 2628 666 2690 tantulus
687 2628 799 2712 aspici,

190 2725 428 2791 Discordiarum
451 2749 559 2792 caussa
580 2729 777 2794 recentium:

225 2831 295 2895 Vah
308 2832 404 2892 bruta
425 2829 645 2914 deformisque
665 2828 760 2891 tellus

266 2933 303 2991 In
324 2931 491 2993 minimum
507 2946 632 2995 tenuata
653 2934 823 3019 punctum!

194 3102 227 3164 At
244 3127 303 3168 nos
323 3104 358 3166 in
379 3106 475 3169 altum
495 3110 722 3191 provehimur3
753 3111 857 3194 placet
894 3126 897 3132 '
971 3109 974 3120 '

194 3204 279 3269 Venti
299 3206 436 3270 levantis
457 3223 547 3292 grata
568 3210 774 3291 protervitas.

225 3311 292 3371 Hac
313 3305 444 3371 officina
465 3308 576 3392 prodit
598 3308 687 3373 auiae
745 3323 749 3328 ’

263 3414 388 3473 Terror
408 3424 442 3471 et
464 3407 606 3485 exitium,
631 3425 775 3478 cometes
