2600 4284
424 504 600 577 Lyricorum
615 504 677 561 [ὦ.
695 508 743 567 lv.
760 513 802 567 2³·
990 512 1053 585 349

141 678 1048 769 Hieluditpatulansdryaaamchomaelieitquesaltuaa

240 784 378 845 Faunus
397 781 549 846 latenteis
569 784 719 871 sapripes
740 788 892 871 Napaeas,

141 885 218 949 Hie
226 885 377 968 Erycina
390 885 492 970 quatit
508 898 628 949 terram
642 887 726 971 pede
749 908 890 975 quasque
907 888 993 954 laesa

403 1068 406 1075 Ι
784 993 895 1078 tangit,

248 1088 389 1153 Rubore
412 1090 519 1172 spinas
541 1091 656 1155 imbuit
675 1114 838 1175 rosarum3

143 1194 219 1255 Hic
235 1214 341 1276 super
356 1190 530 1255 arboribus
549 1194 686 1277 suspiria
705 1194 844 1260 sentiunt
862 1211 1010 1277 amantes,

245 1294 378 1357 Alnove
398 1294 509 1378 glauca
529 1299 692 1379 populove
715 1316 802 1373 cana.
870 1347 873 1355 .
1011 1322 1046 1376 40

146 1398 234 1461 Hoc
246 1417 356 1480 neque
369 1396 544 1462 dissimulat
551 1398 602 1463 vel
613 1400 752 1463 Achaica
763 1402 815 1468 yel
823 1403 1010 1469 LatinaClio

247 1498 380 1563 Floreis
402 1501 504 1564 amori
526 1521 718 1566 consecrans
741 1516 773 1567 et
793 1502 915 1569 hortos.

147 1602 232 1685 Ipsa
255 1603 316 1665 sub
335 1622 483 1667 occasum
495 1627 568 1667 nam
585 1605 700 1667 funera
720 1626 815 1688 saepe
832 1602 1011 1671 floruerunt

248 1704 372 1769 Ornata
393 1702 485 1769 miris
508 1706 673 1770 frondium
694 1706 828 1791 capillis,

150 1810 315 1893 Pyramus
337 1824 371 1873 et
385 1810 507 1874 Thisbe
523 1824 621 1875 testes
641 1806 720 1890 tibi;
752 1832 837 1876 uuna
855 1824 990 1897 uterque
1008 1823 1042 1877 45

244 1964 247 1967 ,
788 1936 908 1991 morus,

243 2012 333 2077 Olim
353 2016 478 2099 puellus
500 2016 554 2081 hie
580 2033 613 2081 et
633 2020 714 2083 haec
736 2019 851 2103 puella.

152 2116 290 2197 Myrrha
311 2117 396 2202 patri
417 2119 493 2203 plus
515 2142 608 2206 quam
630 2122 707 2185 licet
728 2120 847 2183 addere
869 2138 941 2183 ears
962 2117 1006 2181 la-

783 2235 942 2303 erymatur

246 2318 411 2405 Suumqna
431 2346 546 2387 nomen
569 2324 666 2390 stillat
684 2323 744 2387 uda
764 2322 936 2406 myrrham.

157 2416 275 2484 Havos
289 2420 323 2482 in
341 2425 461 2509 campis
477 2426 674 2508 Hyacinthus
695 2440 727 2489 et
745 2426 870 2491 indices
881 2424 1005 2489 Adonis

240 2524 315 2585 Leti
337 2542 489 2591 cruentos
510 2529 672 2612 explicant
692 2527 829 2591 colores.
1006 2537 1040 2589 50

161 2623 271 2709 Usque
280 2625 360 2690 adeo
369 2629 482 2692 siccam
491 2630 597 2712 potius
605 2628 1007 2712 Venusasseritparentem

242 2730 410 2813 Ssrorqus
431 2729 497 2793 dici
515 2731 668 2793 Naiadum
690 2746 826 2795 recusat.

162 2826 1005 2917 Sivstamenterraegremiosataseumarisprofundo,

240 2934 394 3019 Utroque,
420 2955 513 3018 quam
534 2934 577 2999 sit
594 2958 685 3011 vana,
706 2934 816 3021 prodit
836 2948 924 2998 ortua

161 3031 229 3092 Tam
249 3033 313 3097 cito
335 3038 455 3120 quippe
477 3034 558 3100 levis
577 3036 661 3123 fugit
685 3049 717 3101 et
734 3035 844 3099 brevis
869 3036 982 3101 interit
1004 3038 1038 3091 55

783 3139 938 3224 voluptas,

237 3236 342 3333 Quam
366 3234 427 3302 flos
445 3239 480 3302 in
503 3261 591 3325 agro,
613 3260 692 3305 cana
716 3261 825 3325 spuma
846 3254 957 3326 ponto.

512 3453 665 3467 Ἤ
