2600 4284
422 551 596 621 Lyricorum
613 550 679 607 Lib.
696 552 747 609 tv.
766 558 791 608 1.
866 569 871 575 '
979 556 1043 633 293

211 724 328 807 Legem
348 738 524 809 sequuntur
543 738 666 789 cuneta.
690 726 793 800 Deus,
817 726 908 797 Deus

210 825 325 889 Mundo
346 847 513 909 supremus
533 826 699 909 praesidet
719 826 844 892 arbiter
902 844 906 851 ’
991 849 995 859 ·

249 927 291 989 Et
311 928 412 1001 vallat,
439 948 458 989 o
479 928 647 1009 Princeps,
670 926 802 1007 abyssos
883 947 901 966 ‘-

291 1028 431 1098 Consilio
453 1027 655 1112 tumidosque
675 1029 774 1093 librat

207 1209 335 1273 Fonteis
354 1231 516 1295 aquarum.
555 1211 715 1278 Providus
737 1210 856 1295 imperi

215 1310 345 1373 Fluenta
365 1312 458 1394 ripis,
481 1312 631 1376 litoribus
652 1313 737 1377 freta

248 1414 392 1475 Coercet
416 1417 596 1477 Immetatus
619 1414 706 1477 idem
727 1428 760 1480 et

287 1516 374 1576 Aere
393 1530 487 1577 tuens
509 1515 700 1599 placideque
721 1513 818 1577 fortis

207 1686 348 1746 Humana
368 1698 509 1768 torquet,
533 1685 664 1747 numine
688 1704 830 1748 consono

206 1787 326 1869 Ubique
347 1808 515 1867 praesens.
545 1788 603 1849 llle
624 1786 678 1851 vel
696 1784 829 1870 'attrahit

250 1888 310 1954 Vel
333 1886 428 1949 frena
448 1886 631 1949 subterfusa
651 1888 745 1949 laxat.
843 1917 846 1923 ·

284 1988 343 2050 llle
365 1986 455 2051 vices
477 2000 510 2049 et
527 2002 693 2073 utramque
714 2001 834 2051 sortem
903 2059 909 2073 Ι

206 2166 377 2251 Dispensat
396 2164 482 2239 orbi,
509 2164 713 2248 terrigenum
731 2178 834 2230 metus

207 2273 365 2355 Curasque
387 2287 525 2349 spesque
548 2281 579 2329 et
601 2287 701 2350 regua
731 2267 878 2347 vagantia
980 2337 986 2351 ,

245 2372 461 2451 Somnumque
482 2366 634 2433 Chaldaei
656 2366 782 2448 tyranni

289 2468 468 2533 Fatidieum
491 2483 706 2552 statuamque,
729 2482 843 2551 quauta

210 2653 345 2736 Fulgens
367 2651 503 2715 metallis
524 2649 792 2738 versicoloribus
810 2709 814 2717 .

210 2752 451 2815 Desiderautem
473 2751 559 2817 seire
582 2751 753 2834 superbius

248 2858 366 2917 Futura
387 2854 596 2937 formosaque
617 2867 714 2920 totam

289 2962 465 3020 Terruerat
483 2956 646 3036 Babylona
668 2968 822 3022 monstro.

215 3140 273 3241 Qui
293 3153 405 3204 cuncta
425 3138 524 3201 certis
545 3138 653 3201 secula
670 3136 815 3204 fontibus
887 3178 912 3189 ,.
985 3199 989 3207 ,

214 3246 468 3327 Argenteumque
490 3254 526 3303 et
546 3239 690 3304 terrena
711 3252 895 3308 stanneum
958 3302 962 3309 ,

253 3343 381 3409 Derivat
402 3343 436 3403 in
455 3357 576 3417 terras,
602 3362 718 3409 senene

289 3448 346 3508 Ille
364 3443 600 3509 tuos'animose
624 3463 705 3507 zona
