2600 4284
402 515 576 585 Lyricorum
592 513 657 572 Lib.
680 517 700 568 Ι.
729 520 768 570 12.
986 517 1028 584 23

228 693 287 756 Au
315 692 558 768 nupturam
588 690 902 754 cerevisiam.

384 822 521 884 Parodia
554 837 585 886 et
604 823 769 885 Palinotlia

243 980 292 1028 Eu
304 981 335 1040 Q.
348 978 452 1028 Horal.
464 979 560 1028 Floro.
579 980 673 1028 vorm.
691 979 724 1034 lt,
747 978 774 1030 ³.
795 977 846 1028 θα.
863 975 909 1028 tt.

474 1093 546 1154 OD
560 1097 587 1155 E
616 1099 684 1156 llll.

197 1247 237 1326 0
257 1279 327 1326 nata
348 1266 446 1346 Capri
469 1263 575 1324 sidere
599 1263 731 1346 frigido,

204 1364 263 1423 Seu
284 1375 317 1422 tu
341 1366 505 1446 querelam
528 1365 596 1426 sive
617 1365 705 1446 geris
727 1365 829 1426 minas

243 1465 306 1524 seu
324 1466 451 1528 ventris
474 1465 618 1525 insanum
639 1466 805 1527 tumultum
829 1479 861 1526 et

280 1562 472 1639 Difficilem,
493 1566 680 1640 malatesta,
706 1587 869 1646 somnum3

203 1717 400 1809 Quocunque
423 1737 529 1779 servas
552 1719 681 1778 nomine
702 1717 850 1794 toxicum,

202 1820 363 1900 Nunquam
378 1817 502 1879 moveri
529 1816 624 1900 digna
644 1817 730 1880 bono
753 1817 818 1894 die,

239 1918 363 1981 Averte
387 1917 509 1979 nolenti
528 1932 644 2000 poetae

279 2023 437 2082 Promere
457 2018 638 2102 languidius
662 2040 829 2081 venenum.

201 2176 269 2235 Non
289 2172 359 2246 ille,
383 2193 561 2256 quanquam
584 2173 769 2256 Gorgoneis
789 2173 896 2237 madet

201 2275 354 2336 Assuetus
377 2272 483 2340 undis.
506 2287 538 2334 te
560 2273 650 2334 bibet
668 2271 829 2336 horridus.

237 2379 393 2438 Narratur
415 2387 448 2436 et
466 2374 566 2436 Boius
588 2376 747 2436 Menalcas

277 2478 383 2562 Saepe
405 2490 459 2538 tuo
482 2474 623 2537 doluisse
644 2490 744 2538 aceto.

204 2633 249 2690 Tu
268 2630 362 2692 triste
385 2643 577 2691 tormentum
598 2627 730 2710 ingenio
752 2627 902 2694 admoves

202 2730 394 2814 Plerumque
416 2729 503 2808 leni3
534 2744 571 2791 tu
593 2727 783 2812 sapientium

241 2832 280 2894 Et
300 2845 416 2914 pectus
436 2829 571 2892 oblimas
599 2844 632 2893 et
654 2849 728 2904 ora,

283 2933 333 2994 Ne
355 2945 502 3014 relegant
524 2930 661 2992 animum
683 2928 820 2993 fidelem.

207 3085 252 3145 Te
273 3083 479 3166 pestilentem
501 3081 636 3167 negligit
656 3084 766 3146 anxius

204 3183 323 3262 Dives3
364 3183 422 3246 sed
443 3181 532 3245 addis
553 3203 673 3246 cornua
691 3184 825 3267 pauperi

246 3285 324 3347 Post
344 3298 503 3368 teneque
523 3283 625 3348 iratos
645 3285 795 3346 trementi

289 3388 415 3470 Regum
436 3385 543 3469 apices
570 3405 675 3468 neque
704 3383 840 3448 militum
860 3407 956 3447 arma.
1001 3407 1034 3453 20
