2600 4284
410 522 584 594 Lyricorum
601 518 662 573 Lib.
682 522 704 575 l.
722 527 764 577 53.
845 527 849 531 “
984 520 1026 586 83

338 787 400 847 Μ
425 785 568 847 Dlvam
588 782 802 857 virginem.

274 965 419 1021 Delectari
434 974 464 1013 se
481 964 543 1013 eiu-e
561 960 696 1021 laudibus
710 960 856 1032 eattendte.
874 951 878 962 ’
921 1014 924 1024 1
961 915 984 935 Ἰ

436 1123 466 1184 o
484 1123 557 1197 oe
588 1088 700 1180 tima.
803 1188 807 1195 ,

211 1306 325 1407 Quem,
348 1318 483 1405 Regina,
508 1330 561 1377 tuo
585 1315 685 1397 semel

242 1417 370 1481 Afssaris
399 1417 559 1499 Zephyro,
582 1434 648 1475 non
668 1412 739 1475 aliis
760 1414 837 1479 velit

209 1520 312 1587 Ventis
336 1518 393 1579 ille
415 1516 491 1580 vehi
513 1536 611 1599 super

241 1618 342 1682 Undae
363 1617 500 1701 Pegasei
521 1616 636 1689 fontis,
659 1614 715 1676 ubi
737 1635 858 1678 sacram

207 1722 308 1787 Venae
330 1718 485 1781 laetitiam
503 1719 593 1780 bibat
956 1709 960 1720 ⁵
979 1705 1010 1771 ’5

241 1826 278 1883 Et
296 1816 437 1882 facunda
456 1818 557 1880 redux
579 1820 720 1883 earmina
741 1817 907 1901 temperet.

174 1944 178 1953 ⁴
206 1924 272 1995 Nee,
294 1942 369 1983 eum
390 1918 530 1980 Pieriam
558 1922 673 2001 chelyn
698 1998 701 2003 Ι

239 2025 365 2105 Arguto
386 2016 506 2080 fidicen
527 2018 646 2105 pollice
670 2022 817 2095 moverit,
846 2031 850 2041 '
876 2039 880 2045 ·

204 2125 384 2185 Formosam
407 2120 545 2203 Lalagen
568 2137 660 2185 canet

237 2222 430 2304 vultumque
453 2242 489 2283 ae
508 2224 619 2286 niveae
641 2224 722 2285 eolla
742 2222 924 2305 Licymniae
990 2233 1024 2282 10

204 2324 259 2385 lut
279 2322 393 2405 nigras
416 2322 572 2403 Glycerae
594 2344 717 2387 eomas:

239 2422 303 2487 sed
327 2421 433 2484 doteis
457 2424 574 2505 potius,
597 2426 711 2510 Virgo,
731 2440 800 2488 tuae
822 2426 890 2504 lyra
920 2404 925 2415 ²

203 2524 398 2589 Emirabitur
419 2544 524 2589 aurea.

238 2629 280 2687 Et
301 2644 390 2684 nunc
410 2623 478 2686 sive
502 2641 595 2707 caput
617 2628 684 2689 sole
706 2626 852 2690 serenius

203 2728 260 2788 Seu
279 2726 377 2786 lunae
398 2722 543 2787 timidum
566 2727 659 2788 iubar
995 2736 1025 2786 15

240 2827 413 2890 Subiectae
434 2824 570 2907 pedibus
592 2827 677 2889 dicet
698 2842 729 2889 et
750 2828 860 2912 igneas

205 2929 306 2990 Zonae
338 2924 485 2988 sidereae
507 2948 614 3007 rosas;

236 3030 338 3101 Nunc,
364 3042 400 3087 ut
419 3027 566 3111 virgineo
588 3042 690 3090 castus
711 3042 743 3090 et
764 3029 891 3111 integer

204 3128 298 3190 Partu
309 3126 467 3191 detumuit
480 3129 576 3205 sinus,

239 3229 353 3292 Matris
372 3250 438 3290 non
460 3230 569 3292 solitae
591 3252 708 3294 nomen
728 3244 761 3292 et
782 3234 888 3297 oscula
993 3246 1027 3296 2⁰

206 3328 306 3391 Laetis
328 3329 458 3391 humida
477 3332 624 3413 lacrymis

243 3430 455 3514 Vagitumque
476 3432 556 3510 Dei3
579 3448 645 3495 tum
666 3432 822 3516 liquidum
842 3436 942 3494 melos

787 3537 822 3585 60
