2600 4284
425 496 597 567 Lyricorum
613 498 678 554 Lib.
702 501 748 555 tn
767 508 810 557 48.

462 698 492 759 0
514 698 545 757 D
568 698 596 759 Ε
629 699 771 766 XLVIH.

447 840 580 904 musto
610 842 781 919 noanon.

252 982 331 1084 Quis
351 1017 455 1059 meum
478 1018 574 1080 aupra
596 1010 689 1081 caput
709 1011 802 1083 urget
824 1019 901 1061 auro

254 1099 342 1161 Illitus
359 1097 503 1181 pennas?
538 1098 609 1183 quis
632 1098 776 1182 ephebus
797 1100 891 1162 astris

252 1200 398 1263 Concolor
420 1220 534 1263 naxam
552 1198 632 1261 mihi
654 1222 781 1287 cunque
801 1198 895 1285 fingit
945 1265 948 1271 .

486 1302 588 1364 Ferre
608 1301 784 1366 coronam?

245 1402 298 1464 Illa
317 1400 453 1465 diductis
473 1401 637 1465 revolutus
660 1404 719 1466 alis
813 1424 818 1431 ·

242 1506 304 1565 Tan
323 1517 436 1588 quater
455 1502 576 1588 plaudit
597 1504 757 1589 tacitaque
778 1516 925 1587 propter,

241 1605 401 1672 Vartioem
421 1605 527 1689 lapsus
552 1606 660 1689 posito
684 1604 838 1667 renidens

486 1707 657 1769 stemmate
680 1706 765 1768 sidit.

237 1807 282 1870 At
299 1808 392 1870 simul
411 1828 492 1870 nano
514 1828 625 1869 manna
639 1830 721 1869 ¹ansa
741 1822 830 1872 motu

236 1908 353 1972 Tendit
374 1908 409 1969 in
430 1908 570 1985 laurum,
601 1908 686 1993 fugit
708 1923 741 1972 et
761 1910 917 1973 cachinno

233 2014 319 2075 Lena
340 2026 493 2073 succusso
513 2029 596 2092 puer
616 2012 683 2072 alea
709 2005 787 2072 olu-¹

484 2125 586 2175 ctatur
607 2112 642 2174 in
664 2111 771 2175 alnum.

233 2210 396 2306 Quisquis,
423 2232 444 2273 o
461 2232 597 2296 nequam
618 2234 711 2297 puer,
737 2211 867 2275 inficeto

232 2317 286 2375 Me
305 2313 379 2376 ioco
403 2310 506 2386 ludia,
529 2313 616 2397 quod
635 2313 746 2389 habea,
768 2314 890 2379 habeto
976 2369 980 2378 .

231 2418 345 2477 Munna
367 2426 401 2477 et
421 2434 531 2492 serva3
555 2427 662 2477 tamen
682 2414 744 2479 ista
763 2437 923 2501 nunqnam

484 2514 575 2576 Serta
595 2515 708 2598 petivi,

1011 503 1072 573 291

230 2618 300 2681 Non
319 2616 427 2679 minor
448 2630 538 2683 vates
559 2616 635 2680 ideo
657 2616 845 2697 canendus„
875 2662 879 2673 ,
923 2670 926 2674 .

232 2719 275 2793 Si,
299 2717 388 2804 quod
407 2717 571 2782 attondent
591 2718 707 2783 solium
729 2719 915 2800 capellam.
1015 2768 1018 2776 .

230 2819 300 2885 Vile
322 2834 524 2887 contemnam
545 2840 607 2883 neo
627 2821 741 2884 amiota
763 2819 885 2899 oiraqm

475 2926 637 3007 Tempora
660 2936 804 3006 gattam.-
