2600 4284
602 499 703 555 Jaeebi
720 499 808 553 Balds

475 708 480 719 ⁸
516 732 576 793 Ari
596 730 646 795 1).
670 733 886 807 Virginem·

295 901 329 950 ln
347 898 429 949 Silva
447 897 565 960 Quietis,
588 900 670 963 miluo
691 899 858 958 walttrut,
880 899 1027 951 altissim
1049 902 1147 968 Tyro.

440 997 558 1047 lensium
573 998 707 1045 montium
724 997 790 1065 iugo
807 996 974 1058 propitium.

463 1145 535 1200 Cum
553 1153 655 1200 auctor
672 1142 710 1197 ad
728 1160 791 1197 eam
806 1144 953 1204 inviseret.

585 1298 718 1361 ODE
761 1302 862 1375 xl„

326 1476 438 1564 Diva,
461 1511 553 1574 quam
576 1492 696 1553 circum
716 1489 854 1573 spatiosa
877 1490 938 1553 late

328 1592 413 1653 Hinc
436 1605 468 1653 et
484 1592 560 1655 hinc
582 1592 701 1655 erescit
720 1590 894 1653 nemoralis
914 1594 1012 1656 arbos

327 1695 372 1754 Et
391 1713 486 1773 supra
508 1692 621 1755 nubeis
642 1691 756 1776 procul
778 1706 847 1755 acta
870 1693 966 1756 ramis

579 1792 694 1857 Sidera
716 1792 829 1868 verrit,

334 1895 375 1954 Ut
394 1892 498 1955 libens
521 1893 632 1977 dignas
652 1893 796 1957 habitare
820 1893 927 1957 sedeis

333 1996 437 2057 Cerno
461 1991 642 2061 sublimem!
668 1994 830 2057 Nebulosa
852 1998 994 2079 quamvis

334 2096 413 2157 Saxa
434 2093 651 2176 praecingant,
678 2112 769 2157 emor
789 2095 858 2178 egit
879 2097 975 2159 altum

579 2196 698 2261 Visere
716 2209 865 2270 montem,

331 2294 390 2358 cui
413 2294 621 2379 Therapueae
642 2310 782 2360 metuant
802 2297 953 2377 Amyclae

332 2400 438 2478 Terga
460 2397 604 2459 conferri
627 2397 805 2480 viridisque
829 2396 979 2477 Cynthus,

332 2497 485 2592 Quaeque
508 2496 647 2560 famosos
670 2498 783 2581 agitata
803 2513 936 2579 pascunt

577 2600 719 2661 Maenala
740 2617 864 2660 cervos.

332 2696 496 2761 Verticem
519 2720 613 2783 supra
635 2699 823 2783 mediusque
845 2699 965 2761 eaelum

333 2800 419 2859 Inter
441 2813 472 2861 et
492 2815 595 2863 terras
616 2800 766 2864 humileis
787 2801 905 2873 iacere,

332 2899 418 2963 Arva
440 2900 590 2984 despecto
614 2902 742 2984 penitus
763 2914 885 2963 remota

580 3004 751 3069 Proximus
772 3004 876 3067 astris.

331 3098 415 3161 Heie
436 3124 555 3166 moror.
599 3104 678 3177 Vos,
702 3125 721 3167 ο
745 3105 835 3179 socii,
857 3102 960 3167 redite

332 3198 457 3263 Indices
479 3204 556 3267 voti.
599 3206 665 3267 Stat
684 3206 718 3265 in
739 3204 801 3267 hoc
820 3225 951 3268 recessu

332 3301 462 3379 Emori3
486 3323 557 3364 nam
580 3325 643 3387 quo
666 3304 787 3366 tumulo
807 3326 961 3391 reponam

580 3402 718 3483 Dignius
740 3402 833 3465 ossa?
