2600 4284
405 542 577 614 Lyricorum
593 538 659 595 Lib.
677 541 713 595 tl.
734 547 773 597 tt.
967 544 1026 613 121

200 719 269 817 Quo
290 738 374 781 vero
392 728 487 779 cantu
507 736 690 799 prosequar
708 729 761 777 ant
779 730 859 791 tuas,

198 820 405 903 Landspcrga
425 838 551 880 morum
572 817 704 891 nobilis,
727 833 778 881 aut
797 834 877 896 tuns,

233 923 393 985 Formosa
414 917 618 994 Landishnta,
640 939 763 1004 pugnas

275 1022 457 1086 Foeminco
479 1034 634 1084 statuente
655 1020 755 1082 sexu?

193 1202 258 1263 Pro
282 1216 401 1286 quanta
420 1201 536 1265 restris
560 1201 628 1265 sive
649 1200 775 1263 ferocia

195 1303 259 1364 Seu
278 1303 333 1367 ris
353 1302 491 1386 puellis!
516 1323 608 1386 quem
631 1301 757 1385 rigidus
779 1302 886 1385 pudor

233 1406 385 1487 iusteque
407 1424 535 1478 sacrus,
567 1401 641 1465 dnm
662 1401 805 1465 retundit

273 1506 356 1568 Tela
372 1526 468 1567 manu
488 1505 572 1567 bene
593 1502 773 1587 pertinaci!

194 1697 301 1761 Minor
323 1698 454 1760 leaenae
474 1718 536 1780 pro
559 1697 671 1759 catulis
690 1696 794 1759 furor.

193 1802 256 1863 Nos
274 1800 497 1862 immerenteis
518 1797 642 1859 luridus
662 1798 822 1881 opprimat

231 1900 423 1963 Gothunnus
443 1901 693 1981 haerentemque
716 1897 839 1961 scindat

272 2002 438 2064 Immerito
460 2000 556 2084 capiti
577 1998 756 2062 coronam?

194 2172 233 2233 At
251 2192 319 2233 non
337 2174 501 2234 Lacaenae
522 2170 703 2255 degeneres
725 2192 842 2246 sumus,

194 2272 323 2336 servire
343 2288 451 2336 netaet
476 2273 531 2357 qui
553 2271 654 2335 voluit
673 2270 759 2334 diem

231 2374 361 2442 Vixisse
383 2395 576 2456 supremum,
597 2373 727 2457 neganti

270 2473 397 2539 Audeat
419 2475 611 2558 applicuisse
631 2475 767 2539 vultumt

194 2654 371 2730 Sternetur,
393 2653 647 2731 obtruncabitur‚
676 2653 814 2716 occidet.

191 2756 266 2818 Itum
290 2757 392 2820 estin
415 2756 537 2837 enscis3
566 2759 660 2820 triste
681 2757 882 2840 procantium

227 2857 381 2920 Reiectus
403 2858 538 2939 horror3
562 2859 651 2921 mille
675 2858 817 2943 quamvis

270 2958 485 3034 Circumeant,
507 2971 568 3023 stat
589 2982 694 3024 amara
714 2960 809 3045 virgo

190 3126 228 3189 Et
249 3147 309 3190 ceu
331 3127 453 3191 furenti
474 3129 601 3213 turgida
621 3131 744 3195 Libero

193 3228 443 3292 incontinenteis
463 3230 621 3293 terribilis
641 3254 753 3295 manus

224 3329 356 3395 Aveltit.
395 3332 532 3395 insultus
554 3334 709 3416 repressi,

268 3434 356 3496 Dum
377 3433 512 3517 reprimi
533 3448 670 3517 potuere
692 3433 775 3497 saxis
