2600 4284
403 510 581 581 Lyricorum
599 507 659 563 Lib.
679 508 713 561 tt.
735 512 775 562 1³.
974 504 1033 573 111

218 690 277 747 Huc
295 684 471 765 'Iltyusteae
496 694 672 765 properant
692 679 732 743 ad
755 701 839 743 aram

217 786 378 853 Victimae:
406 784 521 866 pingui
542 784 627 844 bove
649 784 751 845 maior
771 786 829 859 llo,

216 887 334 948 Tersltii
355 898 481 967 venter,
500 886 702 962 Nyemannns
723 884 834 958 audax,

479 980 631 1047 Rinskius
654 1004 740 1047 acer.

211 1090 330 1170 lamque
354 1084 508 1147 bellaceis
530 1086 653 1147 animos
674 1075 823 1150 novabat

212 1188 293 1249 Vena
316 1185 437 1248 diffuso
458 1184 609 1247 calefacta
633 1186 709 1249 vinu

210 1288 247 1350 Et
265 1289 436 1371 voluptatis
459 1286 577 1349 stimuli
600 1286 750 1349 subibant

456 1390 568 1451 Martis
592 1408 751 1462 amorem,

208 1493 280 1553 cum
304 1490 475 1554 Geruldini
497 1490 602 1553 subito
623 1502 749 1552 caterva

206 1594 290 1654 Lene
312 1612 470 1675 suspenso
490 1591 575 1673 pede
595 1590 684 1653 venit
705 1604 747 1665 et,
768 1611 830 1673 qua

206 1694 300 1755 Flexa
322 1692 449 1775 postico
471 1692 521 1753 via
542 1690 732 1766 dimovetur,

457 1793 555 1856 Inruit
577 1794 676 1857 aulae.

206 1892 299 1959 Vivat
323 1894 549 1977 Augustus,
579 1893 753 1969 fremuere,
779 1895 921 1957 Fordi-

205 1984 364 2055 nantlus
387 2009 425 2056 et
445 2007 608 2079 regnet:
627 1994 721 2057 simul
742 2019 820 2059 ente
841 2012 906 2061 totu

205 2094 348 2156 Solvitur
372 2096 482 2158 stricto
505 2097 663 2157 scelerum
685 2096 839 2181 quadriga
859 2117 894 2163 et

460 2198 620 2279 Sanguine
641 2211 739 2260 rorat.

205 2300 262 2372 tto,
285 2299 363 2361 dum
387 2314 496 2361 contra
515 2297 595 2359 furit
616 2298 667 2358 ire
687 2297 789 2375 ferro,

203 2402 354 2465 Membra
376 2402 537 2479 concisus3
568 2400 688 2484 reliqui
707 2417 877 2465 nocentum

203 2504 364 2587 Spiritum
386 2502 471 2563 venti
492 2500 592 2563 trucis
612 2501 713 2563 instar
734 2501 847 2567 attunt
881 2524 885 2529 ’

455 2596 525 2699 Qua
546 2602 616 2663 datu
636 2617 741 2685 porta,

205 2704 262 2766 Sic
285 2726 415 2788 quoque
435 2704 570 2766 audaces
592 2715 625 2766 et
643 2704 928 2787 adhuc-protervi3

204 2805 322 2865 Haesit
341 2805 377 2865 in
396 2805 485 2868 vultu
504 2804 662 2867 moriente
685 2820 802 2881 terror,

206 2908 322 3002 Qualis
343 2920 468 2990 aspecta
488 2905 590 2968 facies
609 2904 739 2967 timetur

460 3012 565 3069 Torta
586 3004 729 3068 Medusa.

206 3108 291 3171 Vana
313 3128 383 3170 cum
404 3107 515 3171 fractis
537 3126 693 3191 crepuere
716 3107 827 3184 vitris3

204 3208 375 3290 Multiplex
397 3231 459 3271 unu
479 3228 575 3271 tonus
598 3230 615 3270 e
636 3208 803 3270 cadentum

207 3310 350 3377 Vulnere
372 3324 407 3373 et
426 3308 538 3371 mistus
561 3309 660 3371 rediit
676 3328 795 3371 cruore
814 3309 848 3371 in

460 3412 579 3473 Pocula
600 3410 755 3472 Bauultut.
