2600 4284
308 535 348 599 20
592 531 594 538 '
623 532 722 588 iacobi
738 533 826 587 Baldo

347 702 420 765 Urit
442 719 474 766 et
496 701 639 767 flammae
663 707 805 767 cinerem
826 705 974 770 dolosum
999 739 1003 745 ⁴
1067 772 1070 776 ,

349 806 463 867 Versat
483 805 517 865 iu
540 805 647 883 veuis3
672 806 768 869 etiam
789 806 904 887 pudica

346 905 452 966 lniicit
473 925 575 977 curas,
602 906 696 967 ctiam
717 907 860 970 modesta

596 1006 690 1067 Fallit
711 1021 875 1070 amantem.

349 1107 426 1166 Cum
447 1119 549 1169 ratum
571 1106 686 1169 credes
709 1108 834 1191 geniale
855 1125 989 1194 pactum,

345 1208 425 1287 Spes
447 1219 516 1267 tuae
539 1203 610 1268 toto¹
626 1209 764 1272 thalamo
788 1209 963 1274 dehiscent.

350 1309 452 1389 Nupta
474 1306 613 1368 vicinum
634 1311 790 1392 propiore
812 1313 901 1375 taeda

597 1409 730 1471 Saevino
751 1413 825 1474 urit.

346 1509 381 1566 In
405 1528 459 1568 sua
481 1506 560 1568 felix
583 1508 645 1571 sibi
672 1512 740 1574 risa
761 1514 854 1595 culpa

347 1610 476 1671 Crimen
499 1609 665 1692 obliquat3
690 1612 777 1695 quod
797 1636 902 1678 amare
923 1616 1016 1696 iurat,

347 1707 424 1770 Odit
454 1723 486 1771 et
508 1709 588 1771 iuris
612 1710 675 1772 sibi
695 1713 832 1796 peierati

597 1813 730 1874 Conscia
752 1815 846 1878 ridet.

342 1906 446 1967 Huius
469 1908 616 1994 inprimis
639 1916 749 1977 oculos
771 1931 891 1993 caveto,

344 2004 408 2067 Sed
431 2011 532 2092 magis
554 2011 676 2074 laevum
684 2036 693 2092 3
717 2030 811 2078 nocet
831 2016 910 2078 illud
932 2034 1050 2083 astrum

343 2107 520 2172 Plurimum
542 2114 657 2185 menti,
684 2115 875 2201 tacitumque
898 2119 1006 2204 fulgur

593 2215 752 2297 Palpebra
774 2215 892 2279 condit.

344 2307 510 2403 Quidquid
531 2329 696 2375 autumnus
719 2317 891 2400 croceique
913 2317 994 2383 flora

342 2409 439 2472 Veris
463 2415 589 2496 aspirat,
615 2415 696 2476 nihil
715 2417 779 2479 heu
801 2419 903 2481 colori

342 2511 504 2593 Anguium
526 2513 639 2595 distat3
664 2517 764 2580 decor
785 2517 839 2580 ille
862 2519 985 2585 blandis

598 2617 713 2680 Sibilat
733 2617 855 2699 hydris.
921 2690 924 2695 ,
1016 2633 1020 2642 ‘

343 2706 525 2790 Supplicem
550 2714 686 2778 formam
706 2718 793 2802 fuge,
820 2741 899 2803 quae
922 2723 1054 2808 capillos

343 2806 459 2888 Sparsa
480 2817 678 2896 procumbit3
704 2832 817 2883 tenero
837 2823 962 2904 peritur

344 2907 466 2972 Flentis
491 2935 508 2973 a
530 2932 643 2999 questu
665 2919 884 3005 lacrymaeque
907 2924 1032 3008 pondus

589 3019 717 3082 Fortius
741 3019 868 3085 addunt.

341 3114 405 3176 Hic
427 3117 534 3181 labant
555 3132 671 3194 turres,
698 3121 793 3183 etiam
814 3122 908 3186 virile

341 3217 458 3280 Pectus
479 3218 530 3282 his
552 3219 680 3284 tandem
699 3225 852 3306 precibus
873 3228 1031 3312 liquescit

343 3317 407 3380 Hic
430 3339 500 3382 suas
522 3320 631 3395 vireis,
660 3342 714 3385 sua
736 3325 825 3387 novit
847 3349 931 3390 arma

589 3421 690 3485 Sexus
710 3425 853 3487 inermis.

338 3854 389 3931 n
532 3751 689 3932 fl
