2600 4284
399 519 574 591 Lyricorum
590 514 655 573 un.
674 520 721 579 ιν.
743 524 786 578 et.
969 518 1030 591 351

198 690 264 753 Sed
287 714 417 775 sparsus
441 692 514 756 altis
535 689 687 756 coedibus
709 693 743 755 in
767 672 859 756 sucro

194 795 334 859 Iordane
357 796 460 859 tinxit.
486 796 658 859 Caeruleus
681 796 771 859 color

236 900 445 982 Glaucusque
467 898 630 980 spadicem
653 900 814 972 remiseet,

283 1003 390 1097 Quem
411 1000 533 1065 Pholoe
554 1020 711 1083 pecorosa
733 999 846 1063 laudnt.

191 1181 309 1244 Mundi
331 1182 449 1247 lutosas
469 1183 658 1269 ingrediens
681 1184 749 1249 vias

195 1285 344 1350 sustollit
363 1300 508 1371 argutum
530 1283 571 1349 ad
593 1287 734 1371 Superos
756 1298 858 1368 eaput.

240 1392 315 1452 Non
336 1389 391 1450 ille
413 1388 543 1471 pilentis
565 1388 670 1472 iugari

288 1491 357 1554 Aut
372 1488 496 1584 *Cyprio
517 1489 658 1571 patietur
679 1511 756 1554 urvo

197 1670 342 1735 Versare
365 1672 491 1754 glebosa
514 1695 579 1736 nou
602 1672 761 1735 scelerum
782 1667 857 1754 iugo
939 1662 941 1669 ’

195 1774 337 1835 Pressus
357 1773 539 1858 pudendam
560 1776 757 1859 circumeget
776 1772 902 1836 molam.

239 1874 379 1937 Fastidit
402 1876 552 1961 indignos
573 1877 703 1939 labores

285 1975 416 2039 Arduus
439 1980 715 2063 opprobriumque
737 1979 857 2062 culpae.

202 2156 310 2223 Undas
334 2173 367 2221 et
388 2158 493 2243 igneis
510 2180 573 2243 per
590 2160 721 2224 medios
737 2159 830 2246 fugit,
873 2156 876 2163 ’

199 2261 315 2328 Ventis
337 2274 368 2322 et
390 2260 436 2322 ala
459 2260 603 2323 fulminis
625 2264 727 2327 ocior.
797 2296 798 2303 κ

241 2365 306 2423 Per
330 2384 451 2424 summa
472 2384 667 2446 camporum,
692 2365 833 2426 marinae

286 2464 399 2528 Siccus
421 2486 521 2548 aquae
545 2468 735 2550 segetesque
756 2460 872 2542 fertur,

191 2647 246 2710 'Ut
266 2645 352 2708 nulla
375 2646 497 2709 culmos
518 2649 663 2729 proterat
683 2646 810 2731 ungula.

204 2747 358 2809 Hinnitus
383 2750 453 2811 eius
473 2750 547 2814 rire
567 2751 718 2824 tonitrua,

243 2852 446 2936 clangorque
468 2851 639 2914 declamata
661 2852 783 2914 circum

285 2955 376 3017 Colla
397 2952 488 3016 dutus
510 2954 633 3017 sonitus
651 2953 746 3017 acuti.

204 3135 246 3198 At
267 3155 334 3199 non
354 3132 495 3198 locustae
515 3138 607 3197 r'nore
628 3132 793 3219 fugabitur

204 3236 348 3299 Durante
369 3258 493 3321 pugne:
515 3236 619 3321 gloria
643 3236 768 3299 narium

243 3343 389 3401 Terrore
409 3338 521 3413 fumat,
547 3358 610 3401 nee
629 3340 755 3423 sagittis

284 3441 354 3501 Nec
373 3437 498 3503 facibus
516 3440 664 3526 gladiove
687 3440 783 3506 cedit.
