2600 4284
270 492 335 561 304
583 496 683 553 Jacobi
701 499 790 554 Baldo

573 670 603 735 0
626 672 657 730 D
678 674 707 733 E
748 673 801 735 111.

465 800 561 881 insl
582 806 641 866 est
660 806 910 891 Monaesum,

278 920 348 983 Nisi
370 923 488 1006 triplex
515 930 687 1030 suspirium
709 933 892 1078 oqtiqrendi,
922 939 1095 1017 retinendi,

602 1030 731 1078 amitten
755 1018 784 1080 i.

265 1139 371 1193 Auctor
404 1146 549 1207 politicum
572 1149 742 1200 senteutiam
780 1154 812 1201 ia
837 1156 909 1203 uolo
936 1158 1114 1207 remmom

265 1212 414 1266 nuectario
431 1215 765 1349 Mautruittuugoequepquqe
792 1222 925 1300 tabulato
940 1224 1111 1288 inserimus·

298 1378 468 1458 Humana
492 1398 519 1458 si
540 1418 630 1460 mens
650 1399 785 1465 arbitrio
807 1402 872 1464 Dei

305 1497 460 1560 Contenta
479 1497 576 1561 rebus
599 1499 698 1563 sciret
718 1503 752 1563 in
772 1504 896 1586 asperis

350 1599 521 1684 Laetisque
545 1618 631 1665 caste
651 1602 743 1669 ferre
764 1619 895 1679 sortem,

391 1700 494 1795 Quam
517 1703 644 1786 placido
666 1705 830 1769 frueretur
851 1710 946 1773 aevo!

309 1848 400 1908 Nune
421 1858 510 1929 rupta
529 1860 696 1930 postquam
715 1846 859 1929 pectoris
878 1848 999 1933 impetu

291 1942 458 2019 ¹Permisit
479 1947 565 2008 omni
588 1946 679 2009 frena
700 1948 849 2011 licentiae
888 1970 893 1977 ·

348 2048 474 2110 Ausura
495 2048 708 2133 quodeunque
725 2063 774 2111 est
793 2063 825 2114 ot
846 2072 930 2125 ausa,

387 2151 491 2247 Quam
511 2150 606 2212 iuriis
629 2151 765 2235 agitatur
785 2150 877 2218 atris!

303 2294 448 2357 Mortalis
471 2293 570 2356 audax
592 2292 726 2356 horrida
747 2294 876 2377 perpeti

302 2397 422 2459 Amore
443 2396 533 2459 lucri·
547 2394 772 2479 prodigialiter

342 2498 482 2563 Lascivit
502 2498 720 2582 impulsusque
743 2494 824 2555 diris

383 2604 419 2663 lu
442 2600 568 2664 vetitam
590 2598 778 2680 unitusque
799 2593 960 2678 praedam.

301 2730 522 2817 suspiriorum
544 2726 615 2811 quis
636 2724 751 2788 modus
773 2739 821 2786 est
841 2725 949 2797 trium,

333 2854 390 2895 uae
411 2829 504 2893 finis?
527 2828 627 2891 eheu!
651 2826 833 2911 quaerimus
853 2822 959 2889 omnia

346 2934 469 2995 'Iristes
487 2944 520 2994 et
542 2927 712 2991 amittentia
732 2947 845 2987 rursus

382 3032 526 3097 Sollicito
544 3029 719 3092 retinemus
741 3029 849 3112 ungui.

297 3174 450 3257 Exempla
472 3170 589 3257 passim
611 3192 729 3232 summa
751 3169 928 3253 petentium

297 3280 422 3343 Vesana
444 3274 571 3347 sudant,
594 3292 665 3333 cum
687 3286 791 3334 tamen
813 3273 953 3333 omnium

338 3382 486 3439 Mensura
507 3374 645 3437 fatorum
669 3389 702 3436 et
726 3371 882 3436 movenda

385 3476 474 3537 Stare
498 3474 552 3535 sliu
573 3489 670 3556 neget
689 3497 769 3536 urna
789 3472 928 3535 summis.
