2600 4284
394 505 568 575 Lyricorum
592 507 658 561 Lib.
676 512 720 566 tv.
741 518 768 568 2.

191 676 275 735 Intus
297 692 462 740 coruscant
482 679 605 760 omnia3
629 683 782 746 crederes

192 778 357 840 Terrestre
374 780 509 842 coelum.
544 782 622 845 Sunt
639 784 801 867 laquearia

232 878 374 941 Accensa
396 880 499 941 stellis
521 896 555 944 et
575 886 713 947 comanti

274 982 361 1044 Picta
381 993 522 1045 tremunt
535 986 701 1067 anaglypta
721 984 820 1048 fulvo.

191 1162 334 1226 Calcatur
355 1164 462 1225 album
483 1186 622 1227 marmor
644 1180 676 1228 et
696 1165 770 1228 ltala

189 1264 237 1325 De
259 1286 341 1347 rupe
364 1285 507 1339 caesum,
536 1265 622 1349 qnod
645 1266 749 1329 solido
772 1269 854 1333 ruite

227 1366 363 1441 cruore,
385 1366 521 1429 ramosis
540 1366 696 1431 virentcis

271 1467 368 1565 Quod
390 1468 520 1530 maculis
541 1468 683 1532 imitatur
703 1472 820 1537 herbas

190 1653 337 1735 qutaque
360 1648 456 1733 guttis
477 1650 587 1712 nobile
608 1652 724 1717 lucidis

189 1751 291 1813 lrritat
312 1766 452 1830 ostrum3
476 1753 653 1835 sanguineo
673 1754 754 1837 lapis

228 1853 326 1915 lmbri
348 1852 565 1915 columnarum
583 1855 712 1917 renidet

268 1958 355 2018 Lana
372 1954 459 2017 velut
479 1955 634 2017 medicata
651 1958 777 2020 tinctus.

191 2135 309 2197 Passim
331 2135 475 2217 Myronis
497 2136 586 2220 signa
609 2137 777 2200 Corinthio
849 2144 853 2153 '

192 2242 224 2299 ln
243 2260 317 2301 aere
338 2238 449 2301 vivunt
456 2258 465 2313 3
489 2238 645 2319 plurimus
663 2239 778 2302 ordine

233 2342 296 2403 Stat
317 2345 446 2402 Mentor
468 2352 499 2402 et
520 2339 599 2401 felix
621 2340 740 2424 ubique
819 2393 824 2399 .

268 2441 457 2503 Parrhasius
479 2442 646 2505 simulacra
665 2440 766 2527 fingit.

199 2622 341 2705 squalent
362 2636 394 2684 et
414 2641 491 2684 auro
514 2620 637 2703 singula
656 2623 768 2707 regiae
869 2632 873 2639 ’

196 2724 342 2786 Distincta
362 2723 474 2805 pulcra
493 2724 568 2806 lege
589 2726 717 2787 cubilia.

233 2826 395 2907 Spectator
414 2826 548 2887 obtusus
569 2828 696 2891 metallo
782 2870 786 2878 ι
856 2881 860 2888 .
907 2838 911 2845 ’

269 2926 376 3012 Atque
398 2926 482 2989 acies
506 2942 612 3013 stupet
632 2929 695 2991 icta
716 2927 865 2992 flammis.

199 3106 274 3169 Mori
294 3107 423 3169 satiram
444 3128 577 3191 nempe:
606 3109 707 3171 refer.
721 3108 849 3192 pedem,

200 3208 336 3281 Gradive,
362 3210 427 3269 tun’
441 3208 503 3270 huc
525 3211 672 3292 protidns
684 3210 815 3295 ingredi

234 3310 433 3373 Tumultuoso
453 3331 525 3373 cum
545 3312 676 3396 fragore
703 3347 708 3374 s
736 3359 740 3373 .

268 3410 485 3493 Aeripedem?
503 3413 596 3495 prius
617 3434 704 3478 arma
715 3424 810 3502 'pone
