2600 4284
401 512 573 581 Lyricorum
587 512 653 567 Lib.
672 516 721 568 tlt.
739 520 782 572 ³3.
974 518 1038 585 255

211 684 424 746 Occallescere
447 683 597 747 nauticis:

246 786 375 868 Semper
395 784 463 847 ritu
484 785 545 846 suit
565 784 657 847 triste
679 788 850 871 negotium.

209 888 273 971 lpse
293 885 371 971 quin
393 885 486 960 adeo,
507 886 584 949 lieet

240 988 289 1050 Ad
309 989 386 1051 litus
409 986 555 1048 sinerum
576 988 695 1050 ieceris
715 992 895 1067 anchorum,

203 1090 234 1149 'Iu
253 1104 349 1171 portu
370 1088 592 1163 tumulaberis,

238 1194 357 1252 Tecum
381 1203 414 1252 et
434 1189 536 1253 fracta
557 1191 643 1266 rutis,
671 1213 788 1277 eorpus
802 1196 925 1272 inutile,
948 1215 980 1261 et

201 1290 418 1353 Membrorum
438 1292 561 1353 lacerae
581 1291 722 1375 trabes‚‘

235 1396 423 1455 Rostratum
444 1408 536 1477 eaput
558 1414 594 1457 ae
613 1395 786 1478 remigium
806 1419 916 1461 manus

198 1492 423 1578 Sentinamque
445 1510 553 1557 uterus
575 1492 706 1557 trahens

236 1596 314 1656 Cum
337 1617 437 1677 prora
458 1610 490 1657 et
506 1596 598 1658 vacui
619 1617 727 1680 puppe
749 1598 924 1662 cadaveris.

194 1695 359 1758 scribetur
382 1717 479 1779 super
498 1716 661 1760 asserem:

232 1800 303 1860 Hac
326 1798 414 1862 fossa
436 1799 514 1859 situs
536 1812 585 1860 est
605 1812 697 1861 nauta
718 1800 948 1881 Wulorseius‚'

195 1900 280 1961 Unus
305 1922 402 1985 quem
424 1914 630 1983 superaverat

233 2002 392 2084 Squalore
412 2020 449 2063 ae
471 1999 572 2061 macie
594 2003 753 2067 terribilis
772 2004 907 2069 Charon.

192 2103 218 2161 ls
238 2116 442 2185 contemptor
461 2123 556 2184 opum
577 2101 648 2178 fuit,

233 2204 301 2265 sed
321 2204 405 2269 vitae
425 2202 547 2285 pariter
568 2203 718 2267 sordidus
736 2208 851 2271 Euclio
915 2232 919 2241 ·

191 2304 335 2388 Aevique
358 2303 557 2367 insatiabilis.

230 2406 338 2503 Quum
359 2404 458 2467 fatum
480 2402 585 2467 tacitis
607 2405 754 2488 passibus
782 2408 928 2472 ultimum

189 2504 291 2588 Aegri
312 2521 446 2590 reperet
465 2506 504 2570 ad
524 2506 636 2589 pedes,

227 2608 369 2701 Questus
386 2607 482 2671 multa
502 2610 592 2671 Deos
614 2609 772 2695 ingemuit
792 2612 865 2696 rapi

188 2709 384 2785 immaturus,
411 2722 443 2771 et
463 2731 597 2772 annuam

226 2810 254 2869 A
277 2808 369 2872 duris
390 2809 485 2891 petiit
505 2812 670 2875 coelicolis
692 2812 816 2897 stipem,

188 2910 385 2995 Aesepitque
406 2911 581 2974 biennium.

225 3012 326 3096 Atqui
348 3013 446 3075 lustra
468 3032 565 3073 senex
584 3013 635 3077 bis
657 3014 774 3077 tulerat
794 3009 910 3075 novem

187 3114 289 3177 Curvo
308 3112 433 3179 vertice
454 3112 582 3195 depilis.

224 3215 365 3277 Tandem
382 3214 533 3305 disperiit
553 3238 617 3279 non
640 3217 716 3287 siue,
731 3217 881 3287 lacrumu.

185 3316 279 3401 Ergo,
306 3338 327 3379 ο
351 3314 497 3400 quisquis
515 3318 668 3381 amicior·
762 3381 766 3387 ,

224 3402 329 3481 Huius
353 3438 447 3483 sueva
469 3417 547 3484 freti
568 3420 663 3486 litore
684 3422 856 3504 praeterit,

1003 791 1035 842 10

1002 1326 1032 1377 15
