2600 4284
278 540 320 608 44
582 534 685 588 Iaeobi
706 530 795 588 Balde

322 713 447 771 Incerta
469 710 567 771 certis
588 724 720 792 atraque
740 703 886 767 candidis

322 810 479 874 Conferre
504 811 624 888 solers,
649 811 808 893 praeterat
828 826 962 879 memor,

364 915 485 976 Euutte
505 928 595 976 ector
618 927 651 975 et
671 916 816 993 fututum

407 1014 631 1096 Praeripuisse
655 1014 789 1076 dolosus
810 1026 930 1071 aevum.

459 1444 519 1506 Ad
540 1441 765 1504 Anselmum
786 1441 970 1502 Mestum·

285 1608 390 1661 Novam
405 1610 752 1674 natractmuyomacttam
775 1609 845 1659 tuto
868 1608 997 1658 amna
1026 1609 1140 1657 cantu·

404 1705 463 1753 tom
485 1706 616 1756 edituram
635 1705 667 1753 iu
689 1706 774 1752 luceat
793 1713 867 1752 anno
886 1699 1000 1750 christi

557 1797 595 1850 Μ.
617 1798 674 1848 Do.
696 1796 725 1847 X
732 1797 851 1849 xxm.

564 1957 594 2018 Ο
615 1960 645 2019 D
665 1958 694 2017 E
737 1959 850 2018 XXIII.

324 2109 419 2197 Non,
444 2125 530 2208 quod
555 2128 722 2188 Mnesthea
743 2139 777 2186 et
796 2123 956 2186 Antheum

372 2229 620 2312 Sergestumque
634 2230 819 2310 Lycumque
839 2239 871 2288 et
886 2222 1026 2290 validum
1040 2226 1137 2306 Gyan

330 2331 372 2390 Et
394 2327 579 2410 Sarpedona
601 2328 787 2391 Dardanum

373 2432 477 2513 Atque
499 2429 718 2492 Anchisiaden
740 2427 918 2514 ingeminet
939 2431 1041 2500 Maro,

331 2534 498 2613 Butenque
520 2546 551 2593 et
570 2531 694 2611 Bytiam
715 2545 749 2593 et
769 2533 879 2612 Capyn
1156 2540 1174 2587 5

373 2629 568 2713 immanique
589 2645 712 2694 trucem
733 2651 874 2716 corpore
896 2630 1089 2706 Pandarum,

332 2729 463 2792 Culmen
486 2730 648 2794 Phocidos
669 2749 824 2816 occupate

374 2830 439 2892 Sed
464 2830 550 2916 quod
573 2832 734 2898 semideos
757 2851 912 2918 captaque
932 2833 1091 2916 Pergama

333 2932 489 3015 Aequarit
509 2935 604 3016 parili
623 2935 718 3009 tuba,

377 3035 488 3118 Surgit
508 3035 637 3096 Pieriae
660 3037 763 3118 gloria
785 3041 940 3101 Mantuae.
1143 3065 1174 3116 ιο

332 3135 403 3197 Non
423 3156 503 3218 quae
528 3138 663 3220 quisque
685 3151 783 3211 canat,
806 3139 900 3212 Masi,

377 3234 442 3297 Sed
465 3257 528 3320 quo
549 3237 633 3300 bella
655 3236 1077 3313 manutenementum,

336 3335 468 3415 Refert3
501 3338 735 3422 sesquipedalia

377 3439 420 3500 Et
440 3449 550 3500 nostro
578 3453 728 3501 resonant
749 3443 877 3504 nomina
899 3439 1045 3502 classico.

375 3727 867 3922 „LA'
