2600 4284
611 548 713 609 iacobi
731 548 820 612 Balde

337 725 464 789 Caelum
486 724 621 790 minatur
642 721 802 787 fulmina?
825 721 958 785 sustine.

336 829 494 888 Praesens
514 826 656 909 voluptas
677 823 801 889 allicit?
831 822 964 885 abstine.

379 927 520 988 Fortuna
542 926 727 989 blanditur?
749 923 878 987 recede.

423 1029 511 1093 Vana
532 1026 637 1089 minax
658 1025 768 1090 fremit
789 1023 897 1089 arma?
925 1020 1012 1085 ride.

341 1166 475 1231 Places?
494 1168 636 1232 favorem
657 1169 777 1230 cautius
792 1188 922 1249 occupa.
1150 1187 1177 1235 tt

340 1267 451 1331 lones?
472 1268 632 1351 triumpha
654 1284 738 1331 tutus
761 1268 794 1328 in
816 1268 891 1329 otio.

382 1368 537 1433 Levaris?
558 1371 661 1431 exulta
683 1367 836 1430 modeste.

424 1469 651 1553 Deprinteris‘?
673 1468 794 1552 patiare
815 1464 912 1528 ilenti.

340 1611 470 1673 Insultat
488 1608 610 1671 hostis?
631 1609 804 1672 dissimula.
829 1606 947 1670 Dolet?

342 1714 485 1775 Gravare
505 1710 583 1773 noli.
611 1712 708 1777 Plura
727 1710 806 1793 quid
824 1707 975 1791 impero!
1150 1732 1177 1783 5r

384 1813 510 1881 Virtute
530 1812 646 1877 stabis:
677 1814 744 1873 sola
763 1814 864 1874 virtus

424 1915 464 1975 Et
484 1912 560 1975 facit
581 1927 613 1975 et
630 1912 728 1975 faciet
746 1911 883 1985 beatum.

664 2140 779 2205 Votum

522 2280 718 2343 Partheni!
740 2279 913 2345 sodalis·

301 2421 343 2473 Ex
359 2418 469 2473 solenni
487 2418 628 2472 formula:
647 2420 785 2488 Propone
800 2416 923 2470 firmiter
938 2422 1086 2482 assumo,
1098 2434 1149 2469 me

325 2530 471 2587 nunquam
488 2523 517 2567 te
535 2511 740 2567 derelicturum
756 2528 850 2585 noque
867 2526 993 2582 nuquam
1009 2509 1127 2582 aliquid

353 2620 453 2666 eontra
474 2610 614 2665 honorem
637 2620 721 2665 tuum
750 2610 895 2663 dicturum
921 2617 970 2661 aut
997 2607 1091 2661 factu-

640 2724 707 2760 rum
739 2716 795 2763 eto.

440 2808 476 2858 In
490 2808 618 2873 ornatore
634 2807 802 2857 nottttsstmt
817 2804 1005 2856 &merentis

502 2900 712 2979 Sebastiam
750 2902 944 2978 VenatorIS

514 3038 608 3086 enini.
626 3036 715 3086 Andr.
740 3030 926 3096 Venatortsf.

374 3126 446 3181 Cum
463 3126 494 3181 iu
511 3126 607 3182 album
623 3125 765 3182 sodalium
780 3130 812 3182 B.
832 3129 869 3182 V.
890 3126 1064 3181 referretur.

606 3228 688 3291 OD
710 3230 739 3289 E
777 3228 846 3297 Vll.

347 3340 530 3437 Iungentur
551 3354 657 3435 lepori
678 3377 772 3419 canas

344 3525 348 3535 ¹
390 3457 429 3517 Et
450 3448 541 3535 pardi
562 3454 687 3531 asanais
702 3469 738 3516 st
755 3453 860 3518 timidi
879 3458 959 3522 latus
