2600 4284
254 518 319 592 ⁴52
560 513 663 586 iacobi
679 511 768 570 salto

253 692 418 776 Persueps
436 689 549 755 doctos
571 687 716 774 flagitent
735 687 855 751 buccae
877 689 994 772 stipem

297 794 463 878 'Inspique
484 791 649 854 tabescunt
665 789 758 852 fenne.

256 897 347 980 Ergo
368 907 421 988 snt
440 907 611 956 monentur
630 913 702 955 cum
723 891 813 977 vagis
831 889 1021 955 tonsoribus
1095 899 1139 950 55

296 995 475 1081 Lippisqne
496 1014 630 1058 coenum
651 1011 788 1068 sumere,

256 1099 322 1162 Aut
342 1097 442 1162 foede
461 1095 598 1159 subeunt
620 1110 710 1158 outre
730 1108 890 1158 textorum
914 1110 1020 1180 neque

300 1204 480 1263 Torrentur
500 1220 518 1260 s
536 1196 717 1281 prurigine.

256 1305 406 1366 Lstrsnte
427 1297 592 1362 stomuolso
611 1317 687 1381 pars
711 1312 826 1362 canunt
847 1297 887 1362 nd
906 1295 1066 1382 pulpitum

302 1407 345 1466 Et
366 1416 493 1485 sceptro
516 1413 665 1484 quassant
685 1401 806 1479 ulmen3
1104 1399 1142 1453 ω

258 1508 340 1568 Pers
368 1501 484 1586 templs
503 1514 641 1586 purgent
663 1515 696 1565 ct
717 1502 844 1565 metella
865 1500 1004 1564 turrium

303 1604 428 1668 Trsotis
448 1603 581 1687 fatigent
602 1602 750 1684 funibus;

259 1707 341 1771 Pers
365 1703 405 1768 sd
425 1704 603 1788 gementeis
622 1703 824 1770 destinantur
843 1701 1000 1791 pnselicss

303 1809 461 1871 Poscente
482 1827 589 1870 nurum
602 1806 718 1871 funere

259 1907 411 1972 Putrisve
433 1921 545 1970 curant
565 1915 686 1972 moesti
707 1908 869 1973 Libitinae
891 1926 992 1984 sucre,
1108 1905 1143 1958 ⁶⁵

306 2009 356 2073 Ao
379 2030 413 2072 se
435 2009 591 2092 sepulcris
612 2013 745 2076 elocant

260 2114 417 2176 Detestor
437 2129 576 2188 ornnem,
598 2133 659 2198 qun
679 2125 777 2198 potet,
800 2112 1016 2176 Germaniam:

344 2217 418 2276 Hoc
440 2227 489 2276 est
508 2210 622 2278 fovere
643 2214 771 2279 litores!

262 2319 337 2380 Heu
358 2335 451 2380 suess
471 2313 578 2377 noscis
599 2327 703 2393 terra,
729 2315 807 2402 qnid
828 2313 1016 2398 sapientise,

336 2415 394 2480 uid
414 2413 569 2478 debentur
585 2417 718 2482 ortibus.
908 2447 912 2454 ·
1105 2429 1135 2482 tt

260 2519 298 2584 Id
319 2519 408 2583 disce
431 2516 551 2590 sutton,
574 2518 603 2579 si
623 2533 750 2602 poetam
773 2516 910 2602 respuis,

304 2621 332 2683 A
357 2620 425 2684 sole
445 2618 539 2684 tostis
560 2620 696 2685 civibus.

263 2721 414 2806 Assurgit
433 2741 528 2783 omne
549 2721 664 2806 vulgus
686 2721 837 2786 Indorum
859 2720 961 2804 sopho

305 2821 492 2907 Pednmque
514 2821 608 2906 lingit
628 2823 805 2906 pulvorem.

264 2924 455 3021 Quicunque
477 2924 613 3008 propius
635 2937 718 2988 astra
741 2924 830 2999 vidit,
856 2933 904 2986 est
925 2939 1037 2986 secors
1106 2927 1135 2982 ts

305 3026 452 3090 Nutritur
472 3045 513 3088 ex
533 3026 669 3088 serario.

263 3128 326 3190 Dis
345 3149 404 3212 par
424 3125 560 3190 habetur
580 3125 794 3211 dividensque
816 3128 943 3190 onsculn

308 3229 399 3311 Cupit
419 3242 592 3292 voventum
615 3249 758 3303 munere,

263 3333 434 3410 Bernoqno
455 3339 567 3391 vectus
586 3347 648 3412 por
667 3331 788 3414 plotoss
812 3327 949 3394 osndido

306 3425 439 3488 Plebem
462 3426 575 3488 salutet
594 3446 761 3494 oomoomt
1102 3435 1133 3488 8⁰

385 3580 458 3587 Α,-
