2600 4284
407 534 580 607 Lyricorum
596 534 661 589 Lib.
678 534 728 589 111.
749 540 795 592 34.
963 536 1028 603 257

198 712 256 772 iam
277 731 342 773 non
363 709 399 769 in
422 709 542 773 umbro
558 705 616 769 sub
636 705 772 789 platanis
797 726 890 769 anum

197 809 372 894 Bangensie
395 810 462 871 urit
480 810 574 871 vinea
594 826 780 890 pauperem,

236 915 302 973 Neo
322 911 525 973 Tusculanae
550 908 653 971 duleis
673 928 764 985 uvae,

276 1016 348 1113 Qua
373 1013 511 1095 propior
533 1034 587 1075 aua
608 1010 726 1095 cuique
746 1010 833 1087 vitio,

200 1180 359 1243 Accendet
379 1181 460 1243 nllau
480 1178 605 1241 ssarnma
625 1180 804 1263 eupidinoo.

201 1282 288 1343 Eheu
309 1283 484 1365 Saguntum
505 1294 538 1343 et
559 1281 630 1345 dira
649 1284 814 1345 Numantia

237 1384 414 1467 Famesque
437 1383 598 1467 letumque
624 1397 657 1445 et
678 1399 829 1447 eruentur

278 1486 365 1547 Ante
388 1486 499 1547 oeulos
519 1486 692 1569 populator
712 1485 816 1547 errat!

203 1651 227 1711 lt
245 1665 357 1714 torvus
380 1652 452 1713 exul
475 1651 641 1715 Vinmario
663 1652 771 1736 fugam

202 1752 383 1825 madente,
406 1751 508 1835 qualia
530 1752 611 1815 colle
633 1754 814 1815 Lueretili·

240 1854 413 1937 Depnlsus,
436 1866 488 1915 aut
509 1861 573 1937 qua
591 1855 673 1917 valle
692 1856 830 1937 primum

280 1958 409 2017 Cornua
432 1954 624 2017 circumiere
644 1970 725 2031 nata,

202 2155 323 2213 Taurus
344 2148 480 2214 reducto
501 2172 615 2235 pasena
638 2155 776 2218 ruminat

201 2250 387 2337 linquenda
408 2252 488 2314 visu.
539 2254 604 2317 Stat
623 2278 726 2339 prope
748 2254 879 2318 candida

240 2354 365 2418 Coniux
387 2367 419 2414 et
439 2356 573 2417 armenti
595 2356 747 2440 magister

281 2455 461 2545 Attonitusf
487 2476 599 2518 nemus
623 2480 717 2520 omne
739 2459 847 2541 mugit.

203 2657 246 2716 Ne
267 2673 335 2725 ros,
359 2650 513 2745 Quirites,
533 2654 672 2733 lacryma
691 2654 820 2737 polluat,

203 2760 270 2819 Neu
288 2766 421 2837 questus
437 2754 503 2814 oris
519 2752 699 2817 foemineos
723 2760 831 2834 sonet}

241 2860 379 2920 Frenate
394 2852 533 2917 sontem:
554 2876 648 2918 nemo
660 2872 769 2921 vestro

281 2956 361 3019 inde
378 2956 494 3020 bibens
515 2959 635 3042 gemitu
656 2956 791 3020 fruatur.

209 3152 303 3213 Canus
323 3150 453 3235 iniquos
474 3166 506 3214 et
526 3150 631 3214 Niobe
654 3151 749 3213 docet

214 3252 306 3317 Vinci
327 3252 466 3316 ferendo
487 3274 593 3335 posse.
619 3252 722 3313 Miser
742 3248 791 3311 sni
836 3269 842 3279 ·

247 3355 388 3419 Victoris
411 3355 497 3417 ictus
519 3354 629 3416 lambit
650 3373 759 3414 ensem

288 3462 395 3533 (More
415 3456 504 3519 onnia
526 3454 588 3517 sibi
610 3455 775 3521 vulnerato

794 3560 824 3608 17
