2600 4284
219 509 284 581 436
541 486 644 547 iacobi
662 479 751 554 Buide

223 679 390 759 vivosque
412 664 523 733 stantis
542 681 603 726 cre
623 655 745 723 mansis
767 646 915 722 Funeris,

267 777 334 844 Mei
355 770 478 836 doloris
499 764 639 829 numina.

568 901 725 918 m

578 1024 722 1089 Dirae·

228 1179 396 1238 Detestetur
412 1171 516 1225 auctor
537 1159 758 1229 saumaricum
774 1151 890 1220 factm
905 1149 1075 1204 tussam

359 1246 389 1296 in
405 1243 492 1295 asarta
512 1235 670 1304 chttsttatrt
685 1229 770 1294 pueri
785 1223 940 1290 peractam.

522 1355 601 1418 OD
623 1351 652 1412 E
689 1347 776 1415 XIV.

233 1487 357 1568 Saeuis
378 1488 492 1558 licebit
514 1507 594 1571 ergo
616 1473 837 1546 Sabbathariie

276 1609 408 1686 Impune
430 1612 490 1657 nos
512 1581 687 1655 occidere?
721 1581 723 1588 ’

235 1711 310 1772 Nou
327 1717 519 1784 conqueror,
543 1688 631 1780 quod
643 1703 753 1749 aurum
769 1693 802 1742 et
814 1677 985 1738 immensas
1003 1683 1084 1750 opes

278 1810 384 1872 Asara
405 1821 484 1888 gens
506 1794 673 1876 mulgeat,

237 1914 314 1986 Nec,
338 1905 425 1994 quod
448 1901 599 1966 fluentem
620 1907 769 1953 nauseam
788 1879 877 1948 vultu
898 1883 991 1941 creet
1108 1887 1127 1939 5

288 2017 444 2076 Foetente
464 2001 565 2066 ssavos
585 1991 723 2078 aspides.

244 2115 371 2178 Accusc
394 2110 535 2178 ferrum,
559 2095 650 2184 quale
674 2086 766 2154 fratri
784 2079 955 2170 prandium

284 2218 440 2280 Cocturus
461 2209 580 2269 Atreus
604 2195 788 2260 strinxerat.

248 2316 377 2391 Audite,
400 2326 529 2382 matres,
551 2301 676 2366 facinus
698 2309 731 2358 et
752 2291 804 2358 vel
826 2281 996 2351 Colchicae

287 2415 413 2487 Vestris
435 2413 545 2476 timete
567 2399 693 2467 liberis.

282 2541 322 2583 us
344 2537 379 2580 se
399 2511 519 2576 Tirolis
540 2505 653 2571 ultimo
673 2495 783 2584 pandit
804 2495 879 2579 iugc

289 2621 357 2683 Stat
377 2628 488 2699 crypta
510 2610 620 2674 subter
641 2601 819 2689 porticumt

250 2719 374 2787 Fornix
395 2735 559 2780 recessum
579 2705 685 2772 noctis
706 2713 871 2787 augustum
894 2688 1015 2779 premit

291 2825 333 2884 Et
353 2821 408 2882 lux
429 2817 566 2900 maligna
587 2818 761 2892 temperat3

250 2919 423 2989 Penetrele
446 2936 574 2981 caecum
595 2910 696 2976 Musis
717 2904 843 2991 antiqua
865 2897 909 2962 fid

293 3028 436 3109 Serpens
458 3028 591 3084 coronet
611 3031 739 3077 aeneus.

254 3127 336 3193 illud
358 3124 502 3210 paternis
523 3138 619 3202 saepe
640 3113 791 3178 foedabat
812 3101 912 3171 sacris

296 3230 398 3295 Olens
422 3224 610 3309 Apellarum
630 3217 747 3282 tribus.

254 3336 403 3396 Horrore
424 3339 510 3387 totus
532 3319 656 3404 squalet
677 3317 803 3404 ingrate
823 3311 915 3374 locus

293 3434 337 3494 Ut
356 3424 485 3492 officina
505 3420 658 3483 febrium.

1094 2379 1128 2432 to
