2600 4284
398 537 569 608 Lyricorum
583 538 648 595 Lib.
669 546 715 601 Ν.
738 552 779 603 ³6.
792 551 836 604 3⁷·
996 556 1059 625 373

155 709 259 770 Tota
282 706 363 769 mihi
384 708 527 793 quanwie
550 710 631 775 adeo
654 712 825 779 Germania
849 737 971 800 carcer,

261 808 420 872 Deteriua
441 831 568 897 quoque
590 834 722 879 carcere
745 837 881 902 corpur:

157 909 297 975 Libera
311 931 402 973 mens
416 925 520 974 tamen
536 930 595 989 eat,
614 917 672 979 ubi
685 918 751 982 uult
770 918 955 1009 habitatque
968 948 1025 991 vc-

808 1022 925 1109 latque.

260 1116 298 1175 In
321 1114 436 1200 pelago
458 1138 524 1180 non
543 1118 679 1203 impetiit
699 1122 827 1201 Auster,

164 1218 205 1277 In
220 1215 329 1279 terris
342 1237 407 1278 ncn
421 1218 522 1283 tardat
536 1222 629 1298 obex,
651 1226 848 1293 transcendit
862 1229 1002 1315 etAlpec
1026 1246 1056 1305 15

259 1316 438 1380 Nubiferae
462 1341 497 1384 ae
519 1320 624 1383 sidera
646 1327 760 1408 puisat.

166 1418 316 1484 Accedit
337 1418 465 1483 Phoebi
486 1421 614 1499 donum,
637 1423 745 1491 divina
763 1434 883 1517 poesis.

259 1524 333 1584 Hac
354 1519 456 1585 fretus
478 1524 622 1589 velocior
642 1528 732 1592 Euro

170 1624 259 1688 Euri
280 1624 443 1687 nascentis
461 1626 597 1708 patriam
619 1636 780 1717 cunaa'que
799 1637 918 1704 ridebo

259 1726 411 1789 Aurorae
432 1728 607 1810 rapiendus
626 1732 662 1793 iu
683 1748 800 1799 ortum.
1021 1742 1055 1797 ²⁰

522 1846 677 1861 m

329 1971 335 1981 ,
429 1916 511 1980 01)
533 1918 562 1977 Ε
601 1921 762 1987 xxxvn.

175 2030 283 2083 Auctor
300 2028 399 2083 condic
416 2041 452 2081 cc
469 2031 546 2080 socio
562 2032 667 2085 ledaco
683 2036 770 2087 Birra
783 2038 1021 2109 constantinopo-

478 2099 529 2151 lin
544 2104 720 2164 percurrat.
838 2112 841 2119 '

438 2199 745 2271 nmnuaraamus.

219 2300 317 2378 Hoc
337 2335 418 2400 ergo
439 2317 544 2394 Biana,
571 2320 785 2404 quadrina),
808 2344 896 2387 mare

220 2420 371 2481 Extrema
394 2417 555 2482 Thracum
577 2421 691 2485 ductus
713 2423 754 2486 ad
774 2426 866 2501 ostia,

259 2522 395 2583 letamne
417 2520 645 2602 constantinae
663 2526 740 2588 olim

302 2621 497 2684 Memnoniis
518 2623 673 2690 habitavit
699 2628 766 2693 oria

219 2756 354 2815 Metatus
370 2750 505 2814 urbemi
527 2769 667 2829 vertere,
690 2759 804 2833 navita,
1035 2790 1051 2841 5

220 2854 392 2935 Remicque
413 2868 504 2917 retro
523 2856 609 2937 pelle
631 2857 847 2935 Liburnicum,

258 2958 410 3018 Erramus
428 2956 461 3016 in
482 2971 593 3038 portu:
617 2956 675 3019 sed
697 2960 801 3020 alnum

301 3061 370 3120 Nec
389 3046 485 3120 nocet
507 3060 700 3143 applicuisse
718 3063 834 3143 terris3

222 3190 367 3257 Vieamue
387 3188 512 3250 urbem.
545 3189 611 3250 Pro
633 3188 768 3272 rapidae
789 3192 890 3267 vices,

225 3291 353 3375 Fatiquc
376 3290 505 3351 cursus!
527 3289 590 3353 heu
616 3290 755 3354 volucris
777 3306 846 3355 rata
1020 3326 1053 3378 10

262 3393 426 3475 Orbisque
449 3392 610 3454 Fortunae
633 3413 694 3475 per
716 3394 828 3455 orbem

300 3491 459 3557 Lubricuc
481 3512 518 3557 ac
541 3492 644 3557 facilia
668 3494 811 3559 moveri!
