2600 4284
416 514 591 587 Lyricorum
608 513 672 575 Lib.
689 518 737 575 lv.
756 520 780 575 3.

218 683 352 750 Ridentis
373 687 458 750 intra
481 708 536 749 sex
557 686 647 773 figuti
668 688 779 772 pedes.

217 787 275 849 Hic
293 788 344 851 ille
366 809 468 873 parvo
491 789 607 852 funere
627 791 757 873 cogitur

254 889 385 955 Devicta
408 894 582 953 Persarum
604 890 724 955 cubare

292 994 478 1075 Purpureus
501 1012 598 1076 super
620 1012 706 1055 arma
728 990 860 1075 praedo.

215 1178 313 1240 Ferox
334 1178 369 1240 iu
391 1180 516 1243 omneis
538 1201 600 1244 nec
623 1179 686 1243 sibi
707 1200 843 1265 parcere

212 1279 320 1345 Libido
344 1280 451 1358 novit,
477 1302 537 1343 uec
559 1281 623 1344 nisi
644 1298 771 1345 mortua

250 1386 392 1447 Paratur.
423 1370 594 1447 immensas
617 1382 750 1446 habenti
1011 1394 1044 1449 75

290 1486 426 1570 Semper
447 1507 526 1571 opes
546 1504 639 1570 mage
661 1500 733 1548 sunt
753 1483 915 1549 timcndae

214 1663 309 1761 Quam
330 1667 514 1750 respuenti:
547 1668 632 1733 mole
654 1682 751 1731 ruunt
770 1689 828 1733 sua

212 1766 328 1830 Maiora
347 1768 444 1833 iusto.
474 1770 608 1854 Saepius
627 1784 659 1832 et
679 1769 796 1833 ducum

248 1870 353 1931 Ensee
375 1868 560 1955 adoratique
583 1870 687 1934 vultus

289 1976 326 2033 ln
346 1972 463 2035 mediis
486 1993 644 2057 crepuere
666 1970 811 2034 ssammis.
1013 1975 1047 2026 8⁰

210 2155 282 2216 Tam
304 2152 397 2219 dives
420 2154 503 2216 ullus
525 2176 590 2217 non
612 2168 689 2238 puto
712 2154 839 2227 vixerit,

212 2255 272 2351 Qui
290 2257 392 2319 nollet
412 2258 465 2319 iro
485 2255 662 2339 pauperior
683 2254 786 2334 mori3

248 2360 316 2419 Nec
339 2379 463 2441 pauper
483 2358 606 2442 optabit
628 2358 757 2439 sepulto

291 2459 403 2522 Ditior
424 2459 615 2522 occubuisse
638 2460 771 2521 Croeso.

217 2642 356 2706 Coeloue
376 2656 479 2705 tectus
501 2664 567 2704 uon
588 2640 710 2724 tegitur
730 2641 817 2716 satis,
1013 2646 1047 2699 85

214 2743 365 2841 Quamvis
387 2744 536 2806 humetur
556 2744 663 2807 nudus
685 2760 718 2808 et
738 2744 864 2829 algeat?

249 2849 453 2931 Exaggerare
473 2846 502 2907 si
521 2848 664 2928 tropaeis

290 2948 444 3011 Dedecus
463 2962 513 3011 est
536 2948 679 3010 caruisse
700 2962 800 3023 terra,

213 3131 311 3227 Quam
334 3133 452 3195 Caesar
473 3130 561 3206 olim,
588 3152 682 3214 quam
703 3131 805 3195 subiit
826 3131 974 3200 scrobem

212 3234 381 3318 Pompeius
403 3230 543 3317 ingcus‘?
573 3232 764 3295 insatiabilis
1015 3238 1049 3291 90

249 3340 393 3421 Uterque
413 3334 591 3419 possessis,
614 3349 751 3418 uterque

292 3437 398 3503 caede
420 3436 552 3503 madens
571 3435 694 3503 vomuit
713 3457 862 3520 rapacem

792 3556 845 3608 20*
