2600 4284
454 548 542 605 Liber
557 543 713 604 secundus.
958 551 1000 621 43

151 707 294 794 quamdiu
313 721 445 787 vireret,
464 710 590 792 aceepit:
608 729 643 773 ut
660 735 775 792 semper
790 727 818 773 et
829 711 939 792 ubique
959 718 999 773 fa-

150 807 248 863 scibus
265 805 419 861 duodecim
432 817 574 873 uteretur,
593 823 626 860 ae
638 806 668 858 in
677 805 774 859 medio
792 807 942 860 consulum
952 824 1000 859 eu·

150 895 319 966 iuseunque
336 892 477 963 temporie
490 891 561 945 aella
574 893 670 946 euruli
690 891 837 945 eederet.“
863 889 1001 944 attenu-

151 997 203 1033 rea
221 979 315 1042 sella,
334 978 449 1049 qualem
468 986 539 1030 teate
553 975 689 1030 Suetonio
703 976 793 1042 (Caes.
808 980 897 1043 ull.)
912 963 1001 1030 lulius

151 1066 261 1118 Caesar
278 1061 334 1115 eibi
353 1059 472 1116 decerni
486 1079 587 1134 passus
604 1073 657 1130 est,
679 1062 708 1114 in
720 1060 839 1130 Augusti
854 1061 909 1114 vita
920 1061 1000 1115 nulla

152 1148 186 1201 fit
206 1147 325 1212 mentio,
344 1148 413 1218 quin
432 1157 529 1201 contra
547 1146 583 1201 (le
599 1145 738 1199 industria
755 1143 784 1198 id
799 1147 908 1200 cavisse
920 1145 999 1201 vide-

151 1245 204 1290 tur
220 1235 383 1306 Augustus,
406 1233 513 1306 gratiae
532 1230 641 1304 quippe
659 1230 809 1302 popularia
828 1229 1000 1285 etudioeieai·

151 1337 216 1372 mus
234 1337 352 1391 aucepa,
369 1335 406 1372 ne
429 1319 458 1370 in
474 1316 664 1388 suspicionem
682 1317 729 1370 vol
748 1316 828 1388 regni
845 1317 893 1370 vel
912 1315 1000 1370 divini

151 1405 228 1460 adeo
237 1406 333 1459 cultus
341 1402 474 1457 adfectati
486 1404 661 1459 incurreret.
680 1401 759 1481 Quid
769 1402 848 1475 quod
860 1400 936 1455 idem
946 1400 999 1453 Dio

148 1490 502 1546 memorattsellamillam
509 1505 641 1554 auream,
657 1489 782 1544 Caesare
792 1489 924 1552 extincto,
944 1491 1001 1540 ata'·

150 1577 205 1631 tim
223 1575 254 1628 in
265 1575 440 1646 Capitolium
457 1584 637 1648 reportatam
653 1585 681 1628 et
692 1575 722 1628 in
738 1583 913 1646 perpetuum
928 1573 1000 1626 tem'-

150 1679 207 1735 pus
225 1660 266 1714 ibi
287 1670 459 1716 asservatam
473 1661 572 1714 fuisse.
592 1665 679 1715 orell,
700 1659 759 1716 Sed
773 1668 860 1730 poeta
874 1675 943 1712 usus
958 1667 1001 1712 est

150 1763 203 1801 sua
214 1745 338 1801 licentia.
352 1774 386 1786 -
404 1764 432 1800 v.
444 1753 469 1803 9.
487 1751 657 1801 Dardanius
675 1745 693 1801 i.
708 1761 736 1817 q.
755 1746 905 1798 Romanus.
918 1773 952 1784 -
969 1761 997 1797 v.

151 1841 194 1891 1⁰.
219 1837 357 1887 heracla
375 1839 439 1884 leno
458 1836 627 1887 volumniae.
642 1833 695 1900 (Ex
708 1827 752 1884 ed.
768 1832 844 1884 Mon.
860 1829 923 1892 alt.)
940 1829 998 1883 An·

148 1918 248 1972 tonius
266 1914 415 1969 luxuriosa
433 1933 497 1969 cum
506 1917 660 1971 Volumnia
674 1916 777 1970 liberta
790 1915 997 1970 consuetudine

149 2000 342 2075 turpitudinis
358 2011 447 2073 atque
465 1999 599 2055 infamiae
616 2001 757 2055 maculam
777 2000 829 2053 sibi
847 2001 953 2054 inussit.
965 2029 993 2042 -·

148 2106 177 2143 v.
188 2095 231 2144 11.
245 2091 375 2141 Romnlel
391 2093 494 2153 patena
513 2093 642 2142 alremont
660 2075 742 2142 aalrl.
762 2087 903 2140 Romuleo
916 2096 996 2139 ostro

148 2173 272 2227 videtur
286 2171 440 2244 significari
453 2183 519 2242 toga
529 2174 724 2226 Romanorum
740 2179 897 2242 praetexta,
917 2171 998 2224 cuiue

148 2260 283 2312 alumnus
303 2257 408 2311 dicitur
417 2257 563 2330 Augustus
580 2258 660 2323 ideo,
679 2259 746 2329 quie
759 2257 835 2310 iliam
849 2271 996 2329 nunquam

148 2342 326 2417 deponebat,
344 2343 489 2413 puerilem
506 2342 600 2396 atatim
620 2353 735 2396 mutans
754 2359 819 2396 oum
837 2343 997 2412 Imperato-

147 2431 203 2487 ria.
231 2430 278 2482 De
296 2444 351 2481 usu
368 2437 534 2498 praetextae
552 2429 632 2482 locus
649 2428 784 2481 classicus
802 2437 843 2480 est
867 2441 913 2497 ap.
932 2425 995 2482 Liv.

145 2517 220 2571 Hist.
241 2516 262 2569 l.
282 2515 414 2580 XXXIV,
431 2519 455 2568 t.
478 2517 565 2567 Orell-
661 2521 665 2526 ’

220 2597 298 2654 Ode
314 2599 413 2653 xxvi.
430 2617 457 2654 v.
468 2605 507 2655 11.
528 2602 650 2654 Arctous
662 2605 802 2665 lanennna
814 2600 843 2652 b.
853 2615 877 2655 e.
894 2599 996 2653 Gusta-

147 2682 378 2754 vusAdolphua‚
397 2684 590 2740 rerSueeiae.
610 2687 635 2738 la
644 2700 710 2737 eum
722 2683 875 2738 Friderieo
884 2687 919 2739 V.
932 2683 996 2738 Ele-

150 2781 234 2824 ctore
243 2768 377 2844 Palatino
387 2775 427 2824 27.
438 2769 538 2823 Maia·
551 2775 615 2827 1632
624 2768 808 2822 Monachium
817 2768 934 2822 venient
945 2786 994 2821 ur·

145 2857 216 2910 bem
225 2851 388 2925 occupavit,
407 2851 569 2926 aedingenti
577 2857 698 2928 pecunia
709 2856 848 2927 imperata
855 2857 992 2909 molei.

148 2944 212 2995 lun.
231 2940 298 2992 anni
315 2937 444 2992 eiusdem
456 2939 635 2997 discessit·
651 2961 680 2998 v.
692 2948 731 2999 13.
753 2939 892 2997 Bollllai.
907 2956 933 2993 e.
947 2955 995 2993 co·

150 3028 218 3099 piae
237 3027 401 3081 Succorum
421 3028 451 3089 (a
469 3028 542 3080 mari
560 3027 718 3092 Baithico)‚
738 3042 813 3099 quae
831 3026 921 3079 instar
938 3041 995 3077 ma·

148 3112 187 3164 rie
206 3110 422 3165 inundaverunt
436 3113 636 3170 Bavariam-
654 3131 681 3164 v.
692 3120 732 3169 ²0.
753 3118 895 3173 Hunnuet
910 3127 939 3166 v.
958 3109 994 3166 ad

145 3195 202 3251 0d.
215 3199 290 3263 1‚37‚
302 3201 345 3252 11.
357 3228 392 3239 -
410 3205 490 3254 ull.
509 3201 549 3255 lo.
568 3204 710 3255 Panerlue
728 3207 757 3251 et
769 3199 849 3254 Guet,
870 3202 994 3251 Hortatur

147 3293 304 3354 praetores
322 3281 495 3339 suecorum.
510 3313 543 3326 ·-
560 3289 642 3340 v.23.
662 3288 808 3339 llelronna
827 3282 890 3357 quie
905 3283 995 3340 luertt

143 3386 204 3423 non
222 3368 326 3440 liquet.
351 3367 514 3425 Verisimile
531 3380 591 3434 est,
613 3379 732 3443 apoeta
751 3369 993 3442 siguificariBetit·

143 3454 193 3508 leu
211 3453 360 3509 Gaborem
377 3455 613 3525 Tranasylrauiae
630 3455 793 3528 principem
812 3456 869 3526 (of.
880 3459 936 3522 Ν,
947 3463 991 3523 ll,
