2600 4284
291 500 354 577 ala
594 494 801 565 taoibittalde

543 680 864 760 Argonautae·

590 820 672 925 ,⁰¹³
687 825 715 883 Ε
748 822 834 914 xlv.

331 992 396 1071 lus
420 994 504 1070 sacri
522 1008 642 1070 laesum
664 1005 776 1071 refero
797 1006 967 1071 tridentis:

333 1110 399 1170 Per
419 1122 527 1171 truces
549 1107 663 1171 fluctus
689 1122 722 1171 et
743 1129 841 1192 opaca
862 1110 956 1191 ponti
1036 1190 1039 1196 Ι

335 1209 522 1289 Thessalam
545 1208 637 1274 Graii
660 1208 939 1273 docuere'nautae

544 1314 685 1375 Currere
700 1309 826 1394 pinum·

331 1417 403 1475 Huc
424 1412 493 1476 ovis
514 1409 615 1491 flavae
640 1412 765 1476 scabies
787 1432 899 1475 avaros

330 1512 474 1596 lmpullt3
503 1514 710 1597 tantiyflnerat
728 1514 845 1599 timere
887 1592 892 1601 .

335 1616 522 1679 Fulmen'et
543 1636 670 1699 spumas
690 1630 723 1679 et
742 1614 845 1699 equos
865 1626 898 1678 et
918 1615 1007 1679 aerei

540 1717 700 1801 Flammea
721 1717 815 1780 tauri.

334 1820 422 1902 Ergo
442 1815 551 1898 telluri
572 1818 662 1881 loeus
685 1832 720 1881 et
735 1820 885 1902 'sepulcra
907 1833 940 1881 et
1024 1896 1029 1903 ι

333 1920 472 1983 Asseres
494 1912 617 1999 desunt,
644 1918 762 2005 quibus
784 1916 966 1982 inferantur
1058 1941 1062 1947 ·
1142 1943 1165 1995 n

333 2019 431 2087 Ossa!
456 2016 496 2081 de
518 2020 619 2099 fundo
640 2024 748 2109 pelagi
769 2020 926 2106 petendae

473 2112 476 2123 ’
540 2110 679 2185 limeris
700 2122 814 2187 urnae'!

332 2228 382 2289 En
404 2241 498 2287 reost
527 2244 658 2306 parcam
679 2226 846 2290 Lachesin·
860 2237 1041 2311 queruntur

331 2332 437 2393 Pensa
457 2324 498 2388 de
518 2324 576 2388 vili
597 2324 778 2409 glomerare
798 2327 885 2388 lanae

333 2434 401 2495 Nec
424 2426 530 2491 colum
552 2412 651 2489 totam
673 2426 820 2492 dubitant
840 2424 994 2491 trementi
1014 2416 1068 2489 sd·
1135 2442 1163 2493 15

539 2542 671 2591 nectere
693 2528 787 2593 malo.
822 2605 826 2611 ,
863 2604 867 2611 ,

330 2634 417 2693 Unus
441 2630 475 2691 in
497 2628 580 2692 remi
600 2651 730 2715 quoque
752 2630 861 2695 forsan
881 2652 974 2693 usum

332 2732 455 2816 Fregit,
476 2739 511 2793 ut
533 2732 664 2795 stanteis
686 2733 821 2818 agitaret
839 2730 959 2813 undas3
1051 2729 1055 2736 ’

331 2834 425 2897 Alter
447 2834 588 2897 intextae
611 2832 682 2897 data
702 2836 772 2898 vela
792 2833 876 2898 vitae
898 2832 933 2894 in

402 2939 404 2948 '
499 2939 501 2948 ’
539 2936 678 2999 Carbasa
698 2935 804 3000 vertit.

328 3037 373 3099 Di
395 3037 508 3112 maris,
531 3058 590 3100 eur
611 3060 677 3100 non
696 3037 788 3120 prius
811 3035 976 3112 obruistis,

331 3138 434 3234 Quam
456 3160 628 3202 reversura
649 3137 777 3221 Mln'yae
800 3136 907 3200 carina

332 3230 446 3323 Magna
469 3237 601 3303 dissecti
622 3238 790 3302 traherent
810 3238 844 3301 in
864 3262 962 3303 unum

453 3344 456 3355 '
539 3338 688 3401 Foedera
707 3338 842 3403 mundi?

628 3506 783 3520 -ιι--ι

208 3581 687 3923 fil.
