2600 4284
396 506 571 578 Lyricorum
590 503 658 560 Lib.
678 508 698 556 Ι.
720 511 762 562 30.

206 679 340 738 Mentem
360 674 491 756 telaque
512 675 629 737 consili

245 775 405 840 Celerisse
426 774 539 836 decem
561 777 703 840 cratibus
723 775 839 841 abdita.

205 877 300 942 Vasto
321 876 414 940 navis
435 877 471 938 in
492 895 637 960 aequore

246 978 464 1041 Persulcantis
485 999 582 1061 aquas
602 995 636 1042 et
657 982 824 1044 voluerum
844 982 896 1047 via

205 1081 436 1164 Reptatumque
459 1077 544 1162 iugis
565 1079 628 1141 iter
1003 1090 1035 1140 15

246 1180 416 1266 Deprendi
436 1193 563 1263 poterat
584 1181 704 1244 certius
725 1185 890 1268 anguium:

205 1282 268 1343 Nili
287 1297 320 1344 et
339 1281 489 1346 Nassarii
511 1295 604 1366 eaput

249 1384 404 1446 Eiusdem
422 1383 551 1468 populis
573 1383 818 1467 impenetrabile

208 1483 406 1547 credebatur
427 1483 575 1568 originis.

245 1586 432 1648 Haerebant
452 1585 585 1649 latebris
605 1585 705 1650 verba
723 1588 906 1674 tegentibus
1008 1611 1042 1662 ω

210 1685 260 1760 Et,
285 1706 347 1748 eeu
368 1686 521 1750 Phidiaca
543 1709 637 1749 manu

246 1787 344 1850 Cordi
358 1789 517 1872 insculpta
534 1790 656 1864 forent,
672 1804 805 1874 praeter
818 1792 996 1880 Orangium

208 1889 307 1950 Nemo
330 1905 460 1973 gutture
481 1905 633 1953 moverat.

248 1988 360 2053 Virtus
390 1992 471 2055 haee
499 1991 597 2052 nimia
625 2007 676 2056 eat
697 2007 730 2056 et
750 1991 863 2057 vitium
890 2015 1003 2078 prope.

208 2094 299 2155 Malis
318 2094 355 2153 in
377 2091 484 2154 medio
505 2092 585 2154 situs
1008 2112 1041 2162 25

246 2195 449 2276 Dispensare
466 2207 563 2268 tuum,
587 2197 683 2270 Cane,
706 2195 869 2260 silentium

210 2298 247 2358 Ut
266 2316 429 2378 uunquam
451 2295 656 2359 muliebriter

249 2399 396 2459 Pertuso
418 2396 559 2480 liquidus
582 2419 716 2462 currere
736 2397 836 2472 totio,

213 2498 266 2562 Sir
287 2517 350 2561 uec
370 2500 515 2582 pectoris
535 2500 629 2562 aenei

252 2599 424 2665 Custodire
444 2615 540 2664 tenax
562 2600 669 2664 omnia
688 2601 868 2664 moenibus.
1009 2617 1043 2668 ³⁰

118 2755 119 2758 ,
210 2703 335 2766 Nullam
356 2722 447 2766 mens
467 2702 554 2765 bona
574 2702 709 2777 ianuam,

249 2806 379 2868 Nullum
399 2804 500 2867 limen
519 2801 627 2884 habet3
650 2801 780 2888 publica
801 2805 935 2889 regibus

211 2906 354 2991 Spectari
376 2920 496 2970 metuat
516 2905 599 2970 nihil

251 3008 365 3072 Audax
386 3009 422 3070 in
442 3006 553 3070 medio
576 3021 658 3071 stare
680 3009 861 3077 satellitum.

517 3241 673 3256 ῃ
