2600 4284
295 549 337 618 33
602 537 818 595 denotationes.

295 735 324 773 v.
333 721 374 775 35.
385 713 621 787 Apudllomanos
630 711 722 782 capita
732 725 926 783 eorum‚quos
937 709 1086 782 supplicio
1099 725 1143 764 ca·

298 801 366 876 pitis
384 799 542 865 allicerent,
561 795 787 852 ohnuhobantur
804 813 894 852 sacco.
907 795 972 849 Liv.
985 797 1006 856 l,
1018 799 1105 852 26.-
1115 813 1144 852 v.

299 893 340 946 37.
359 889 490 954 Scythico
506 899 563 955 pro
582 879 760 937 barbaro-
776 898 804 933 v.
815 888 857 937 tt.
870 873 1048 953 'Procopde
1060 879 1144 935 Bello

296 973 385 1029 Goth.
404 971 467 1026 Lib.
484 971 515 1031 1,
533 983 558 1023 c.
572 974 596 1022 l.
616 967 686 1020 haec
704 976 821 1020 narrat:
841 965 1048 1030 Theodorico‚
1068 975 1145 1037 post·

298 1073 385 1130 quam
408 1055 592 1110 adulatorum
614 1048 762 1104 calumniis
786 1048 919 1103 inductus
938 1049 1144 1120 Symmachum

297 1139 457 1207 (consulem
471 1142 640 1202 Romanum,
659 1137 753 1190 virum
766 1133 922 1206 sapientem
936 1151 968 1186 ao
982 1135 1146 1189 virtutibus

296 1225 449 1292 illustrem)
461 1234 490 1278 et
498 1223 652 1277 Boethium
664 1221 766 1275 iniuste
779 1231 916 1284 necasset,
936 1221 1070 1275 caenanti
1082 1237 1148 1272 eum

295 1309 382 1384 piscis
400 1307 565 1382 grandioris
583 1305 802 1378 caputministri
819 1305 1031 1378 apposuissent,
1052 1303 1148 1358 visum

299 1397 330 1451 id
349 1407 390 1451 est
400 1393 560 1466 Symmachi
574 1401 661 1462 caput
678 1406 738 1444 esse
753 1407 853 1443 recens
864 1388 1044 1455 obtruncati,
1066 1389 1149 1464 quod

299 1481 431 1537 dentibus
453 1476 584 1531 inferiori
609 1475 694 1529 labro
719 1475 866 1548 impressis
891 1485 918 1530 et
937 1475 1030 1529 oculis
1060 1485 1149 1528 torre

296 1567 537 1636 truculenterque
556 1560 706 1616 tuentibus
724 1559 852 1634 graviter
877 1558 1005 1614 minantis
1023 1559 1149 1613 haberet

298 1652 433 1724 speciem,
452 1665 510 1720 quo
524 1645 825 1720 prodigioterrituset
840 1647 924 1700 animi
943 1645 1052 1701 dolore
1066 1663 1149 1719 pres-

299 1754 347 1791 sus
365 1736 464 1809 paullo
486 1743 553 1805 post
573 1731 698 1787 0btit.-
715 1750 742 1788 v.
753 1738 792 1788 46.
812 1737 938 1786 Ahtrtde
955 1731 982 1786 h.
1000 1748 1026 1784 e.
1046 1749 1084 1785 ex
1095 1749 1150 1784 nu-

297 1821 381 1876 bibus
397 1820 444 1874 vel
462 1817 498 1873 de
516 1818 607 1872 coelo.
629 1820 662 1872 V.
670 1817 789 1888 Apocal.
800 1820 822 1881 1,
833 1825 857 1874 7.

372 1901 446 1960 Ode
463 1905 536 1958 XVl.
555 1902 648 1956 Maria
666 1903 846 1976 aegyptiaca,
865 1904 965 1976 quinto
984 1912 1054 1976 post
1075 1905 1149 1960 Chr.

300 2002 366 2046 nata
386 1989 514 2048 saeculo,
535 1986 687 2041 iuvenilem
706 1986 851 2041 luxuriam
870 1987 1009 2042 diuturna
1028 2003 1061 2042 ac
1082 1985 1151 2060 rigi·

300 2077 411 2132 dissime
432 2075 486 2129 luit
503 2072 693 2144 poenitentia.

374 2160 448 2216 Ode
465 2157 558 2213 xvtt.
578 2175 606 2210 v.
617 2159 792 2216 tuncrum,
806 2165 936 2210 matrona
945 2157 1086 2217 Romana,
1105 2173 1148 2210 ca-

298 2259 342 2304 sta
351 2245 483 2303 Collatini
501 2259 585 2301 uxor,
603 2258 620 2294 a
640 2241 701 2294 lilio
714 2240 863 2314 Tarquinii
873 2239 1003 2314 Superbi
1022 2241 1142 2306 violata,

299 2331 418 2388 sceleris
441 2344 539 2383 coram
563 2336 661 2382 conatu
680 2342 696 2376 a
714 2342 746 2378 se
766 2323 845 2378 facto
866 2324 991 2392 indicio,
1020 2325 1148 2398 pugione

299 2427 424 2472 mortem
443 2413 497 2469 sibi
514 2412 573 2485 ipsa
591 2409 741 2464 conscivit.
769 2409 834 2489 Quo
850 2405 927 2464 lacto
941 2411 1046 2484 pulsus
1058 2412 1149 2466 Roma

300 2503 420 2558 ultimus
442 2517 545 2553 rex.-
561 2516 590 2553 v.
603 2506 628 2553 7.
639 2499 828 2566 antphornm
838 2493 857 2550 i.
870 2512 894 2550 e.
910 2494 1109 2568 virginum-
1123 2515 1149 2548 v.

302 2597 331 2648 8.’
352 2594 484 2654 Strymon
493 2582 678 2639 Macedoniae
687 2579 862 2637 etThraciae
874 2579 979 2635 humen
993 2581 1147 2655 frigidum

301 2673 370 2727 lnde
387 2671 445 2741 adj.
465 2671 522 2743 tq.
533 2667 683 2732 Thracius,
704 2665 750 2718 hie
762 2665 942 2720 Amazonius.
961 2671 1149 2723 Memoranda

305 2757 332 2814 h.
351 2774 376 2811 e.
398 2752 585 2810 describenda
605 2751 653 2805 vel
676 2748 828 2824 pingenda.
844 2785 877 2795 -
896 2759 957 2810 v.9.
977 2761 1148 2823 Hippolyte,

305 2858 362 2895 una
380 2841 570 2903 Amazonum,
596 2835 843 2891 Thermodontem
866 2835 987 2892 fluvium
1005 2841 1148 2896 Thraciae

301 2926 491 2980 accolentium
504 2923 645 2997 virginum
653 2921 856 2977 bellicosarum
870 2932 956 2994 atque
970 2922 1106 2982 fortium.
1115 2957 1147 2968 -

301 3018 381 3068 mli.
402 3013 588 3076 Penthesilea,
607 3009 785 3062 Amazonum
802 3007 911 3080 regina,
931 3025 1007 3080 quae
1029 3011 1145 3065 Priamo

303 3108 406 3152 eontra
421 3099 548 3152 Graecos
563 3093 666 3151 auxilio
678 3092 756 3147 venit
772 3090 904 3164 victaque
920 3104 962 3147 est
975 3092 1012 3146 ab
1026 3095 1144 3150 Achille.

302 3209 333 3222 -
346 3199 374 3238 v.
383 3188 425 3238 21.
444 3186 561 3243 cloelia,
573 3179 658 3251 virgo
667 3179 952 3242 Romana,Porsenae
961 3179 1144 3234 Thuscorum

300 3267 360 3336 regi
377 3267 496 3319 Romam
513 3264 658 3319 obsidenti
675 3262 759 3316 missa
772 3277 829 3332 pro
846 3259 968 3328 obside,
987 3264 1063 3318 clam
1076 3283 1091 3320 e
1103 3283 1143 3318 ca·

300 3348 368 3402 atria
382 3363 413 3400 se
426 3346 566 3400 suhduxit
577 3347 768 3420 Tiberimque
782 3357 898 3400 tranans
906 3347 1047 3418 pervenit
1059 3348 1088 3402 in
1099 3367 1143 3404 nr·

299 3431 418 3489 hom-
438 3435 516 3486 v-22·
535 3431 702 3497 Anpttpotte
720 3429 902 3502 (ingolstadt)
921 3431 1142 3492 munitissimum
