2600 4284
405 538 580 609 Lyricorum
598 533 661 590 Lib.
679 537 701 588 1.
731 541 773 592 20.
985 535 1027 600 37

391 762 513 815 Carmen
530 758 754 813 Saturnalitium.

287 905 344 965 Ad
364 904 612 966 Edmundmu
632 902 859 977 magnetum.

455 1053 486 1115 Ο
505 1053 536 1112 D
559 1055 587 1113 E
633 1055 703 1114 XX.

357 1211 482 1260 Solatur
499 1207 608 1271 egentis
625 1207 783 1258 desideria.

211 1344 294 1447 Quid
314 1358 386 1435 iles,
413 1358 555 1444 Ragusi?
577 1379 635 1420 cur
654 1358 816 1420 madidum
837 1359 936 1422 fricas

214 1461 381 1546 Tergisqne
400 1461 526 1534 lumen,
552 1458 638 1544 quod
662 1459 829 1522 trieterida

241 1563 396 1624 Emensus
419 1573 560 1622 octavam
582 1560 741 1622 triennem

276 1663 347 1725 Ore
372 1677 467 1724 tenus
489 1659 615 1722 referas
634 1661 794 1744 puellam?

208 1818 374 1877 Tantumne
402 1813 511 1876 credis
532 1835 650 1875 numen
672 1813 779 1876 inutili

207 1915 337 1978 Subesse
359 1915 504 1978 barbae?
531 1914 615 1978 Vilis
637 1915 748 1998 opinio

241 2017 400 2081 Accendit
420 2017 587 2079 immatura
608 2028 698 2089 vota,
723 2028 758 2075 ut

280 2118 360 2180 Pica
382 2116 567 2200 puerperiis
589 2115 722 2178 molesta
743 2131 801 2178 est.

205 2271 326 2336 Desiste
347 2268 436 2332 nudo
459 2288 615 2353 quaerere
635 2268 793 2350 pensilem

206 2371 248 2432 th
270 2391 330 2433 ore
352 2372 477 2443 lanam,
501 2391 593 2454 quam
616 2391 726 2430 manus
748 2369 893 2434 involans

241 2470 400 2555 Obliquet
427 2469 653 2554 obliquamque
674 2470 800 2531 tractim

280 2573 424 2634 Mulceat
446 2591 482 2632 ao
504 2570 613 2636 decies
636 2585 788 2652 repeetat.

210 2721 252 2784 An
272 2745 342 2788 non
362 2723 563 2788 tremendum
585 2743 620 2784 se
641 2723 793 2784 Bromius
816 2723 909 2787 deum

209 2825 324 2888 Glaber
345 2824 495 2910 probavit
516 2825 662 2886 tristibus
683 2823 805 2887 lndiis?

244 2927 368 2988 Glaher
388 2923 597 3007 laboratoque
617 2923 701 2986 vitro

283 3025 425 3088 laevior
448 3041 496 3089 est
517 3028 669 3088 Patareus
691 3024 818 3106 Apollo.

209 3161 308 3224 Castae
330 3162 439 3226 sorori
465 3163 610 3244 luppiter
630 3162 782 3221 Anxurus

209 3262 244 3323 Et
261 3283 329 3325 non
352 3261 515 3344 pudendas
538 3260 648 3322 elicuit
668 3260 765 3334 faces,

246 3364 401 3424 Barbatus
422 3361 506 3423 idem
537 3383 664 3444 semper
686 3360 743 3432 ira,

286 3465 421 3545 Semper
444 3461 607 3524 adulteriis
627 3459 783 3545 flagravit.
