<?xml version="1.0" encoding="UTF-8"?>
<!DOCTYPE html PUBLIC "-//W3C//DTD XHTML 1.0 Transitional//EN"
    "http://www.w3.org/TR/xhtml1/DTD/xhtml1-transitional.dtd">
<html xmlns="http://www.w3.org/1999/xhtml" xml:lang="en" lang="en">
 <head>
  <title>
</title>
<meta http-equiv="Content-Type" content="text/html;charset=utf-8" />
  <meta name='ocr-system' content='tesseract 3.04.00' />
  <meta name='ocr-capabilities' content='ocr_page ocr_carea ocr_par ocr_line ocrx_word'/>
</head>
<body>
  <div class='ocr_page' id='page_1' title='image "./jacobibaldecarm00mlgoog_0566.png"; bbox 0 0 2600 4284; ppageno 0'>
   <div class='ocr_carea' id='block_1_1' title="bbox 318 527 873 603">
    <p class='ocr_par' dir='ltr' id='par_1_1' title="bbox 318 527 873 603">
     <span class='ocr_line' id='line_1_1' title="bbox 318 527 873 603; baseline -0.005 -19"><span class='ocrx_word' id='word_1_1' title='bbox 318 529 361 603; x_wconf 65' lang='lat'>&#39;5⁴6</span> <span class='ocrx_word' id='word_1_2' title='bbox 661 527 873 584; x_wconf 69' lang='lat' dir='ltr'>mendenen.</span> 
     </span>
    </p>
   </div>
   <div class='ocr_carea' id='block_1_2' title="bbox 317 679 1176 3501">
    <p class='ocr_par' dir='ltr' id='par_1_2' title="bbox 317 679 1176 3501">
     <span class='ocr_line' id='line_1_2' title="bbox 317 679 1176 759; baseline 0 -19"><span class='ocrx_word' id='word_1_3' title='bbox 317 681 410 759; x_wconf 79' lang='lat' dir='ltr'>stipes</span> <span class='ocrx_word' id='word_1_4' title='bbox 431 689 550 754; x_wconf 73' lang='lat' dir='ltr'>augusto</span> <span class='ocrx_word' id='word_1_5' title='bbox 564 679 655 738; x_wconf 83' lang='lat' dir='ltr'>linito</span> <span class='ocrx_word' id='word_1_6' title='bbox 672 682 758 758; x_wconf 80' lang='lat' dir='ltr'>sepsit</span> <span class='ocrx_word' id='word_1_7' title='bbox 775 683 868 740; x_wconf 81' lang='lat' dir='ltr'>Parva</span> <span class='ocrx_word' id='word_1_8' title='bbox 887 681 1001 748; x_wconf 83' lang='lat' dir='ltr'>domus.</span> <span class='ocrx_word' id='word_1_9' title='bbox 1021 695 1131 742; x_wconf 77' lang='lat' dir='ltr'>temen</span> <span class='ocrx_word' id='word_1_10' title='bbox 1150 695 1176 740; x_wconf 84' lang='lat' dir='ltr'>et</span> 
     </span>
     <span class='ocr_line' id='line_1_3' title="bbox 320 767 1173 844; baseline 0.002 -22"><span class='ocrx_word' id='word_1_11' title='bbox 320 767 447 843; x_wconf 84' lang='lat' dir='ltr'>gelidum</span> <span class='ocrx_word' id='word_1_12' title='bbox 468 769 625 824; x_wconf 76' lang='lat' dir='ltr'>Praeneste</span> <span class='ocrx_word' id='word_1_13' title='bbox 642 767 765 825; x_wconf 79' lang='lat' dir='ltr'>Neronis</span> <span class='ocrx_word' id='word_1_14' title='bbox 782 772 817 826; x_wconf 86' lang='lat' dir='ltr'>Et</span> <span class='ocrx_word' id='word_1_15' title='bbox 834 769 925 824; x_wconf 87' lang='lat' dir='ltr'><strong>Tibur</strong></span> <span class='ocrx_word' id='word_1_16' title='bbox 949 769 1173 844; x_wconf 86' lang='lat' dir='ltr'>Memphinque</span> 
     </span>
     <span class='ocr_line' id='line_1_4' title="bbox 320 852 1174 926; baseline 0 -18"><span class='ocrx_word' id='word_1_17' title='bbox 320 854 410 926; x_wconf 83' lang='lat' dir='ltr'>ipsum</span> <span class='ocrx_word' id='word_1_18' title='bbox 428 852 600 910; x_wconf 77' lang='lat' dir='ltr'><strong>transcendit</strong></span> <span class='ocrx_word' id='word_1_19' title='bbox 618 854 736 912; x_wconf 87' lang='lat' dir='ltr'>honoro.</span> <span class='ocrx_word' id='word_1_20' title='bbox 767 854 819 910; x_wconf 85' lang='lat' dir='ltr'>llio</span> <span class='ocrx_word' id='word_1_21' title='bbox 837 855 970 910; x_wconf 86' lang='lat' dir='ltr'>homines</span> <span class='ocrx_word' id='word_1_22' title='bbox 989 855 1084 924; x_wconf 86' lang='lat' dir='ltr'>fiunt,</span> <span class='ocrx_word' id='word_1_23' title='bbox 1110 856 1174 910; x_wconf 83' lang='lat' dir='ltr'>hine</span> 
     </span>
     <span class='ocr_line' id='line_1_5' title="bbox 317 939 1172 1015; baseline 0 -19"><span class='ocrx_word' id='word_1_24' title='bbox 317 957 398 999; x_wconf 81' lang='lat' dir='ltr'>sacre</span> <span class='ocrx_word' id='word_1_25' title='bbox 415 940 663 998; x_wconf 78' lang='lat' dir='ltr'>oraculamenant</span> <span class='ocrx_word' id='word_1_26' title='bbox 673 940 829 1015; x_wconf 77' lang='lat' dir='ltr'>Appellent</span> <span class='ocrx_word' id='word_1_27' title='bbox 846 940 892 993; x_wconf 86' lang='lat' dir='ltr'>alii</span> <span class='ocrx_word' id='word_1_28' title='bbox 904 939 1063 996; x_wconf 77' lang='lat' dir='ltr'><strong>mandram</strong></span> <span class='ocrx_word' id='word_1_29' title='bbox 1077 941 1172 998; x_wconf 78' lang='lat' dir='ltr'>stabu-</span> 
     </span>
     <span class='ocr_line' id='line_1_6' title="bbox 318 1025 1172 1097; baseline 0.002 -17"><span class='ocrx_word' id='word_1_30' title='bbox 318 1027 438 1097; x_wconf 83' lang='lat' dir='ltr'>lumque</span> <span class='ocrx_word' id='word_1_31' title='bbox 456 1025 604 1083; x_wconf 73' lang='lat' dir='ltr'>ominumz</span> <span class='ocrx_word' id='word_1_32' title='bbox 621 1029 660 1084; x_wconf 80' lang='grc' dir='ltr'>ΙΙΙ</span> <span class='ocrx_word' id='word_1_33' title='bbox 678 1038 711 1084; x_wconf 92' lang='lat' dir='ltr'>tu</span> <span class='ocrx_word' id='word_1_34' title='bbox 730 1025 886 1083; x_wconf 81' lang='lat' dir='ltr'>delubrum</span> <span class='ocrx_word' id='word_1_35' title='bbox 898 1025 1083 1084; x_wconf 83' lang='lat' dir='ltr'>venerabile</span> <span class='ocrx_word' id='word_1_36' title='bbox 1097 1027 1172 1082; x_wconf 78' lang='lat' dir='ltr'>dixe</span> 
     </span>
     <span class='ocr_line' id='line_1_7' title="bbox 318 1109 1173 1193; baseline 0 -27"><span class='ocrx_word' id='word_1_37' title='bbox 318 1111 359 1166; x_wconf 90' lang='lat' dir='ltr'>ris</span> <span class='ocrx_word' id='word_1_38' title='bbox 378 1128 449 1178; x_wconf 85' lang='lat' dir='ltr'>esse,</span> <span class='ocrx_word' id='word_1_39' title='bbox 468 1112 560 1193; x_wconf 75' lang='lat' dir='ltr'>Quale</span> <span class='ocrx_word' id='word_1_40' title='bbox 577 1114 670 1168; x_wconf 88' lang='lat' dir='ltr'>necin</span> <span class='ocrx_word' id='word_1_41' title='bbox 682 1111 774 1184; x_wconf 80' lang='lat' dir='ltr'>Libyn</span> <span class='ocrx_word' id='word_1_42' title='bbox 785 1109 915 1185; x_wconf 77' lang='lat' dir='ltr'><strong>possedit</strong></span> <span class='ocrx_word' id='word_1_43' title='bbox 929 1112 1078 1186; x_wconf 76' lang='lat' dir='ltr'>corniger</span> <span class='ocrx_word' id='word_1_44' title='bbox 1088 1115 1173 1168; x_wconf 80' lang='lat' dir='ltr'>Hens-</span> 
     </span>
     <span class='ocr_line' id='line_1_8' title="bbox 318 1195 1172 1273; baseline -0.002 -19"><span class='ocrx_word' id='word_1_45' title='bbox 318 1215 393 1254; x_wconf 82' lang='lat' dir='ltr'>mon.</span> <span class='ocrx_word' id='word_1_46' title='bbox 428 1197 501 1257; x_wconf 84' lang='lat' dir='ltr'>Huic</span> <span class='ocrx_word' id='word_1_47' title='bbox 520 1195 655 1261; x_wconf 79' lang='lat' dir='ltr'>mandrae</span> <span class='ocrx_word' id='word_1_48' title='bbox 674 1199 812 1254; x_wconf 79' lang='lat' dir='ltr'>Senecam</span> <span class='ocrx_word' id='word_1_49' title='bbox 831 1195 937 1264; x_wconf 86' lang='lat' dir='ltr'>debes,</span> <span class='ocrx_word' id='word_1_50' title='bbox 962 1199 1045 1270; x_wconf 86' lang='lat' dir='ltr'>proh</span> <span class='ocrx_word' id='word_1_51' title='bbox 1066 1211 1172 1273; x_wconf 79' lang='lat' dir='ltr'>quante</span> 
     </span>
     <span class='ocr_line' id='line_1_9' title="bbox 321 1281 1171 1350; baseline -0.001 -9"><span class='ocrx_word' id='word_1_52' title='bbox 321 1295 467 1341; x_wconf 84' lang='lat' dir='ltr'>sonantem</span> <span class='ocrx_word' id='word_1_53' title='bbox 484 1283 633 1350; x_wconf 78' lang='lat' dir='ltr'>Ausculta,</span> <span class='ocrx_word' id='word_1_54' title='bbox 650 1299 769 1340; x_wconf 82' lang='lat' dir='ltr'>exeusso</span> <span class='ocrx_word' id='word_1_55' title='bbox 789 1283 813 1338; x_wconf 88' lang='lat' dir='ltr'>si</span> <span class='ocrx_word' id='word_1_56' title='bbox 831 1281 909 1340; x_wconf 83' lang='lat' dir='ltr'>sorte</span> <span class='ocrx_word' id='word_1_57' title='bbox 927 1283 1049 1340; x_wconf 80' lang='lat' dir='ltr'>rubore</span> <span class='ocrx_word' id='word_1_58' title='bbox 1063 1285 1171 1340; x_wconf 80' lang='lat' dir='ltr'>salubri</span> 
     </span>
     <span class='ocr_line' id='line_1_10' title="bbox 319 1366 1170 1444; baseline -0.006 -17"><span class='ocrx_word' id='word_1_59' title='bbox 319 1369 413 1427; x_wconf 84' lang='lat' dir='ltr'>Stoica</span> <span class='ocrx_word' id='word_1_60' title='bbox 428 1368 600 1444; x_wconf 81' lang='lat' dir='ltr'>perfrictem</span> <span class='ocrx_word' id='word_1_61' title='bbox 616 1369 734 1444; x_wconf 78' lang='lat' dir='ltr'><strong>pingant</strong></span> <span class='ocrx_word' id='word_1_62' title='bbox 751 1366 898 1440; x_wconf 77' lang='lat' dir='ltr'>conchylia</span> <span class='ocrx_word' id='word_1_63' title='bbox 917 1367 1063 1424; x_wconf 73' lang='lat' dir='ltr'>frontem·</span> <span class='ocrx_word' id='word_1_64' title='bbox 1096 1373 1170 1426; x_wconf 86' lang='lat' dir='ltr'>Vera</span> 
     </span>
     <span class='ocr_line' id='line_1_11' title="bbox 320 1453 1170 1532; baseline -0.001 -21"><span class='ocrx_word' id='word_1_65' title='bbox 320 1456 440 1532; x_wconf 80' lang='lat' dir='ltr'>quidem</span> <span class='ocrx_word' id='word_1_66' title='bbox 458 1455 600 1530; x_wconf 89' lang='lat' dir='ltr'>loquitur,</span> <span class='ocrx_word' id='word_1_67' title='bbox 619 1453 742 1510; x_wconf 90' lang='lat' dir='ltr'>sednon</span> <span class='ocrx_word' id='word_1_68' title='bbox 761 1465 789 1510; x_wconf 86' lang='lat' dir='ltr'>st</span> <span class='ocrx_word' id='word_1_69' title='bbox 805 1465 887 1528; x_wconf 81' lang='lat' dir='ltr'>grata</span> <span class='ocrx_word' id='word_1_70' title='bbox 900 1455 1055 1527; x_wconf 85' lang='lat' dir='ltr'>prementi</span> <span class='ocrx_word' id='word_1_71' title='bbox 1071 1455 1170 1510; x_wconf 83' lang='lat' dir='ltr'>Velius</span> 
     </span>
     <span class='ocr_line' id='line_1_12' title="bbox 318 1539 1170 1614; baseline -0.002 -18"><span class='ocrx_word' id='word_1_72' title='bbox 318 1543 520 1614; x_wconf 78' lang='lat' dir='ltr'>Amyclaeum,</span> <span class='ocrx_word' id='word_1_73' title='bbox 538 1539 666 1614; x_wconf 82' lang='lat' dir='ltr'>spondeo</span> <span class='ocrx_word' id='word_1_74' title='bbox 683 1539 729 1594; x_wconf 87' lang='lat' dir='ltr'>vel</span> <span class='ocrx_word' id='word_1_75' title='bbox 749 1540 777 1594; x_wconf 87' lang='lat' dir='ltr'>in</span> <span class='ocrx_word' id='word_1_76' title='bbox 794 1540 853 1594; x_wconf 87' lang='lat' dir='ltr'>otiu</span> <span class='ocrx_word' id='word_1_77' title='bbox 869 1556 1020 1597; x_wconf 78' lang='lat' dir='ltr'>merso-</span> <span class='ocrx_word' id='word_1_78' title='bbox 1044 1548 1110 1599; x_wconf 81' lang='lat' dir='ltr'>v.7.</span> <span class='ocrx_word' id='word_1_79' title='bbox 1129 1543 1170 1596; x_wconf 77' lang='lat' dir='ltr'>li·</span> 
     </span>
     <span class='ocr_line' id='line_1_13' title="bbox 318 1627 1169 1703; baseline -0.002 -17"><span class='ocrx_word' id='word_1_80' title='bbox 318 1629 422 1687; x_wconf 87' lang='lat' dir='ltr'>burna.</span> <span class='ocrx_word' id='word_1_81' title='bbox 441 1631 508 1703; x_wconf 81' lang='lat' dir='ltr'>Leg.</span> <span class='ocrx_word' id='word_1_82' title='bbox 521 1632 656 1684; x_wconf 67' lang='lat' dir='ltr'>liburno.</span> <span class='ocrx_word' id='word_1_83' title='bbox 685 1629 728 1683; x_wconf 83' lang='lat' dir='ltr'>Ex</span> <span class='ocrx_word' id='word_1_84' title='bbox 746 1628 845 1682; x_wconf 83' lang='lat' dir='ltr'>iuven.</span> <span class='ocrx_word' id='word_1_85' title='bbox 860 1627 916 1682; x_wconf 86' lang='lat' dir='ltr'>Sat.</span> <span class='ocrx_word' id='word_1_86' title='bbox 935 1628 979 1690; x_wconf 81' lang='grc' dir='ltr'><strong>ΙΙΙ,</strong></span> <span class='ocrx_word' id='word_1_87' title='bbox 995 1634 1065 1686; x_wconf 76' lang='grc' dir='ltr'>’24οι</span> <span class='ocrx_word' id='word_1_88' title='bbox 1088 1630 1169 1684; x_wconf 85' lang='lat' dir='ltr'>vehe-</span> 
     </span>
     <span class='ocr_line' id='line_1_14' title="bbox 318 1713 1168 1787; baseline -0.006 -14"><span class='ocrx_word' id='word_1_89' title='bbox 318 1724 368 1773; x_wconf 85' lang='lat' dir='ltr'>tur</span> <span class='ocrx_word' id='word_1_90' title='bbox 379 1716 468 1772; x_wconf 86' lang='lat' dir='ltr'>Dives</span> <span class='ocrx_word' id='word_1_91' title='bbox 486 1725 514 1770; x_wconf 91' lang='lat' dir='ltr'>et</span> <span class='ocrx_word' id='word_1_92' title='bbox 532 1713 640 1786; x_wconf 74' lang='lat' dir='ltr'>ingenti</span> <span class='ocrx_word' id='word_1_93' title='bbox 661 1725 760 1770; x_wconf 86' lang='lat' dir='ltr'>curret</span> <span class='ocrx_word' id='word_1_94' title='bbox 777 1729 868 1787; x_wconf 86' lang='lat' dir='ltr'>super</span> <span class='ocrx_word' id='word_1_95' title='bbox 887 1731 941 1769; x_wconf 83' lang='lat' dir='ltr'>ore</span> <span class='ocrx_word' id='word_1_96' title='bbox 951 1713 1103 1772; x_wconf 87' lang='lat' dir='ltr'>Liburno.</span> <span class='ocrx_word' id='word_1_97' title='bbox 1127 1715 1168 1768; x_wconf 86' lang='lat' dir='ltr'>Li·</span> 
     </span>
     <span class='ocr_line' id='line_1_15' title="bbox 318 1799 1166 1859; baseline -0.002 -1"><span class='ocrx_word' id='word_1_98' title='bbox 318 1802 445 1858; x_wconf 84' lang='lat' dir='ltr'>burnum</span> <span class='ocrx_word' id='word_1_99' title='bbox 462 1818 501 1859; x_wconf 88' lang='lat' dir='ltr'>so.</span> <span class='ocrx_word' id='word_1_100' title='bbox 523 1799 685 1858; x_wconf 86' lang='lat' dir='ltr'>vehiculum</span> <span class='ocrx_word' id='word_1_101' title='bbox 704 1811 747 1858; x_wconf 86' lang='lat' dir='ltr'>est</span> <span class='ocrx_word' id='word_1_102' title='bbox 763 1799 867 1854; x_wconf 82' lang='lat' dir='ltr'>lectica</span> <span class='ocrx_word' id='word_1_103' title='bbox 878 1809 961 1856; x_wconf 84' lang='lat' dir='ltr'>vecta</span> <span class='ocrx_word' id='word_1_104' title='bbox 979 1817 996 1854; x_wconf 92' lang='lat' dir='ltr'>a</span> <span class='ocrx_word' id='word_1_105' title='bbox 1013 1801 1111 1856; x_wconf 83' lang='lat' dir='ltr'>servis</span> <span class='ocrx_word' id='word_1_106' title='bbox 1127 1801 1166 1856; x_wconf 78' lang='lat' dir='ltr'>li·</span> 
     </span>
     <span class='ocr_line' id='line_1_16' title="bbox 317 1886 1167 1952; baseline -0.002 -10"><span class='ocrx_word' id='word_1_107' title='bbox 317 1886 473 1942; x_wconf 79' lang='lat' dir='ltr'>burnis-</span> <span class='ocrx_word' id='word_1_108' title='bbox 491 1906 519 1944; x_wconf 83' lang='lat' dir='ltr'>v.</span> <span class='ocrx_word' id='word_1_109' title='bbox 528 1894 554 1948; x_wconf 83' lang='lat'>8.</span> <span class='ocrx_word' id='word_1_110' title='bbox 574 1891 710 1952; x_wconf 60' lang='lat' dir='ltr'>Mantus,</span> <span class='ocrx_word' id='word_1_111' title='bbox 729 1887 971 1952; x_wconf 78' lang='lat' dir='ltr'>v.11‚15‚29.-</span> <span class='ocrx_word' id='word_1_112' title='bbox 989 1904 1019 1942; x_wconf 84' lang='lat' dir='ltr'>v.</span> <span class='ocrx_word' id='word_1_113' title='bbox 1031 1893 1058 1946; x_wconf 81' lang='grc'>9.</span> <span class='ocrx_word' id='word_1_114' title='bbox 1071 1887 1105 1944; x_wconf 71' lang='grc' dir='ltr'>Β.</span> <span class='ocrx_word' id='word_1_115' title='bbox 1122 1887 1167 1942; x_wconf 86' lang='lat' dir='ltr'>Li·</span> 
     </span>
     <span class='ocr_line' id='line_1_17' title="bbox 318 1969 1163 2046; baseline 0 -18"><span class='ocrx_word' id='word_1_116' title='bbox 318 1970 410 2028; x_wconf 87' lang='lat' dir='ltr'>oinius</span> <span class='ocrx_word' id='word_1_117' title='bbox 427 1976 582 2039; x_wconf 74' lang='lat' dir='ltr'>Lucullus,</span> <span class='ocrx_word' id='word_1_118' title='bbox 607 1971 717 2029; x_wconf 84' lang='lat' dir='ltr'>Consul</span> <span class='ocrx_word' id='word_1_119' title='bbox 737 1980 767 2026; x_wconf 89' lang='lat' dir='ltr'>et</span> <span class='ocrx_word' id='word_1_120' title='bbox 786 1969 961 2026; x_wconf 84' lang='lat' dir='ltr'>Mithridatis</span> <span class='ocrx_word' id='word_1_121' title='bbox 979 1971 1062 2046; x_wconf 84' lang='lat' dir='ltr'>regis</span> <span class='ocrx_word' id='word_1_122' title='bbox 1080 1973 1163 2028; x_wconf 80' lang='lat' dir='ltr'><strong>Ponti</strong></span> 
     </span>
     <span class='ocr_line' id='line_1_18' title="bbox 318 2055 1162 2130; baseline -0.001 -18"><span class='ocrx_word' id='word_1_123' title='bbox 318 2057 421 2124; x_wconf 85' lang='lat' dir='ltr'>vietor,</span> <span class='ocrx_word' id='word_1_124' title='bbox 442 2055 722 2114; x_wconf 79' lang='lat' dir='ltr'>insatiabilievaritia</span> <span class='ocrx_word' id='word_1_125' title='bbox 731 2057 944 2130; x_wconf 75' lang='lat' dir='ltr'>immensisque,</span> <span class='ocrx_word' id='word_1_126' title='bbox 965 2073 1041 2128; x_wconf 84' lang='lat' dir='ltr'>quas</span> <span class='ocrx_word' id='word_1_127' title='bbox 1061 2057 1162 2112; x_wconf 76' lang='lat' dir='ltr'>inlsia</span> 
     </span>
     <span class='ocr_line' id='line_1_19' title="bbox 319 2141 1161 2218; baseline 0 -20"><span class='ocrx_word' id='word_1_128' title='bbox 319 2142 445 2218; x_wconf 84' lang='lat' dir='ltr'>collegit,</span> <span class='ocrx_word' id='word_1_129' title='bbox 463 2143 573 2200; x_wconf 81' lang='lat' dir='ltr'>divitiis</span> <span class='ocrx_word' id='word_1_130' title='bbox 589 2141 763 2198; x_wconf 79' lang='lat' dir='ltr'>nobilitatus.</span> <span class='ocrx_word' id='word_1_131' title='bbox 793 2141 825 2197; x_wconf 89' lang='lat' dir='ltr'>ln</span> <span class='ocrx_word' id='word_1_132' title='bbox 842 2141 986 2200; x_wconf 84' lang='lat' dir='ltr'>luxuriam</span> <span class='ocrx_word' id='word_1_133' title='bbox 999 2142 1109 2198; x_wconf 77' lang='lat' dir='ltr'>effusus</span> <span class='ocrx_word' id='word_1_134' title='bbox 1124 2143 1161 2198; x_wconf 81' lang='lat' dir='ltr'>iu·</span> 
     </span>
     <span class='ocr_line' id='line_1_20' title="bbox 319 2227 1159 2304; baseline -0.002 -16"><span class='ocrx_word' id='word_1_135' title='bbox 319 2231 488 2288; x_wconf 78' lang='lat' dir='ltr'>credibilem</span> <span class='ocrx_word' id='word_1_136' title='bbox 499 2228 615 2286; x_wconf 83' lang='lat' dir='ltr'>tandem</span> <span class='ocrx_word' id='word_1_137' title='bbox 623 2229 653 2284; x_wconf 90' lang='lat' dir='ltr'>in</span> <span class='ocrx_word' id='word_1_138' title='bbox 664 2228 809 2304; x_wconf 78' lang='lat' dir='ltr'>podagrae</span> <span class='ocrx_word' id='word_1_139' title='bbox 821 2227 956 2285; x_wconf 85' lang='lat' dir='ltr'>morbum</span> <span class='ocrx_word' id='word_1_140' title='bbox 969 2227 1075 2286; x_wconf 85' lang='lat' dir='ltr'>incidit</span> <span class='ocrx_word' id='word_1_141' title='bbox 1083 2227 1159 2292; x_wconf 85' lang='lat' dir='ltr'>adeo.</span> 
     </span>
     <span class='ocr_line' id='line_1_21' title="bbox 318 2311 1158 2391; baseline -0.005 -17"><span class='ocrx_word' id='word_1_142' title='bbox 318 2328 351 2374; x_wconf 86' lang='lat' dir='ltr'>ut</span> <span class='ocrx_word' id='word_1_143' title='bbox 361 2318 542 2391; x_wconf 83' lang='lat' dir='ltr'>hexaphoro,</span> <span class='ocrx_word' id='word_1_144' title='bbox 562 2313 640 2390; x_wconf 88' lang='lat' dir='ltr'>quod</span> <span class='ocrx_word' id='word_1_145' title='bbox 650 2324 693 2370; x_wconf 84' lang='lat' dir='ltr'>est</span> <span class='ocrx_word' id='word_1_146' title='bbox 704 2331 794 2389; x_wconf 88' lang='lat' dir='ltr'>genus</span> <span class='ocrx_word' id='word_1_147' title='bbox 804 2313 930 2378; x_wconf 77' lang='lat' dir='ltr'>lecticae,</span> <span class='ocrx_word' id='word_1_148' title='bbox 944 2311 1090 2371; x_wconf 89' lang='lat' dir='ltr'>serretur.</span> <span class='ocrx_word' id='word_1_149' title='bbox 1103 2321 1158 2372; x_wconf 81' lang='lat' dir='ltr'>lla·</span> 
     </span>
     <span class='ocr_line' id='line_1_22' title="bbox 319 2395 1158 2476; baseline -0.007 -16"><span class='ocrx_word' id='word_1_150' title='bbox 319 2411 409 2464; x_wconf 82' lang='lat' dir='ltr'>cetuer</span> <span class='ocrx_word' id='word_1_151' title='bbox 426 2409 465 2469; x_wconf 75' lang='lat' dir='ltr'>tv.</span> <span class='ocrx_word' id='word_1_152' title='bbox 475 2401 512 2458; x_wconf 85' lang='lat' dir='ltr'>ad</span> <span class='ocrx_word' id='word_1_153' title='bbox 524 2406 542 2462; x_wconf 86' lang='lat' dir='ltr'>l,</span> <span class='ocrx_word' id='word_1_154' title='bbox 556 2407 600 2468; x_wconf 79' lang='grc'>39,</span> <span class='ocrx_word' id='word_1_155' title='bbox 616 2407 669 2464; x_wconf 84' lang='grc'><strong>12.)</strong></span> <span class='ocrx_word' id='word_1_156' title='bbox 687 2405 755 2456; x_wconf 77' lang='lat' dir='ltr'>deus</span> <span class='ocrx_word' id='word_1_157' title='bbox 774 2399 800 2454; x_wconf 84' lang='lat' dir='ltr'>b.</span> <span class='ocrx_word' id='word_1_158' title='bbox 812 2415 836 2454; x_wconf 89' lang='lat' dir='ltr'>e.</span> <span class='ocrx_word' id='word_1_159' title='bbox 848 2395 1014 2454; x_wconf 75' lang='lat' dir='ltr'>Alexander</span> <span class='ocrx_word' id='word_1_160' title='bbox 1033 2397 1158 2476; x_wconf 72' lang='lat' dir='ltr'>Magnus.</span> 
     </span>
     <span class='ocr_line' id='line_1_23' title="bbox 319 2481 1155 2563; baseline -0.002 -19"><span class='ocrx_word' id='word_1_161' title='bbox 319 2490 371 2563; x_wconf 88' lang='lat' dir='ltr'>qui</span> <span class='ocrx_word' id='word_1_162' title='bbox 389 2489 469 2544; x_wconf 87' lang='lat' dir='ltr'>vieto</span> <span class='ocrx_word' id='word_1_163' title='bbox 483 2491 638 2544; x_wconf 76' lang='lat' dir='ltr'>Persarum</span> <span class='ocrx_word' id='word_1_164' title='bbox 657 2502 725 2560; x_wconf 83' lang='lat' dir='ltr'>rege</span> <span class='ocrx_word' id='word_1_165' title='bbox 739 2483 829 2540; x_wconf 78' lang='lat' dir='ltr'>Dario</span> <span class='ocrx_word' id='word_1_166' title='bbox 848 2481 918 2538; x_wconf 88' lang='lat' dir='ltr'>deus</span> <span class='ocrx_word' id='word_1_167' title='bbox 938 2481 1043 2540; x_wconf 80' lang='lat' dir='ltr'>heberi</span> <span class='ocrx_word' id='word_1_168' title='bbox 1061 2487 1155 2542; x_wconf 84' lang='lat' dir='ltr'>voluit.</span> 
     </span>
     <span class='ocr_line' id='line_1_24' title="bbox 320 2568 1154 2646; baseline -0.007 -14"><span class='ocrx_word' id='word_1_169' title='bbox 320 2577 396 2646; x_wconf 81' lang='lat' dir='ltr'>(sel.</span> <span class='ocrx_word' id='word_1_170' title='bbox 408 2580 476 2632; x_wconf 90' lang='lat' dir='ltr'>Ver.</span> <span class='ocrx_word' id='word_1_171' title='bbox 492 2574 565 2636; x_wconf 82' lang='lat' dir='ltr'>Hist.</span> <span class='ocrx_word' id='word_1_172' title='bbox 582 2574 617 2641; x_wconf 84' lang='grc' dir='ltr'>ΙΙ,</span> <span class='ocrx_word' id='word_1_173' title='bbox 631 2573 696 2638; x_wconf 64' lang='lat' dir='ltr'>tu),</span> <span class='ocrx_word' id='word_1_174' title='bbox 716 2570 810 2642; x_wconf 72' lang='lat' dir='ltr'>Aque</span> <span class='ocrx_word' id='word_1_175' title='bbox 821 2569 959 2642; x_wconf 76' lang='lat' dir='ltr'>Diogenes</span> <span class='ocrx_word' id='word_1_176' title='bbox 978 2568 1109 2640; x_wconf 83' lang='lat' dir='ltr'>apricens</span> <span class='ocrx_word' id='word_1_177' title='bbox 1120 2573 1154 2626; x_wconf 84' lang='lat' dir='ltr'>oi·</span> 
     </span>
     <span class='ocr_line' id='line_1_25' title="bbox 318 2653 1155 2736; baseline -0.006 -16"><span class='ocrx_word' id='word_1_178' title='bbox 318 2663 359 2720; x_wconf 80' lang='lat' dir='ltr'>hit</span> <span class='ocrx_word' id='word_1_179' title='bbox 375 2661 459 2735; x_wconf 83' lang='lat' dir='ltr'>petiit</span> <span class='ocrx_word' id='word_1_180' title='bbox 476 2657 565 2726; x_wconf 85' lang='lat' dir='ltr'>eliud,</span> <span class='ocrx_word' id='word_1_181' title='bbox 583 2674 669 2736; x_wconf 85' lang='lat' dir='ltr'>quam</span> <span class='ocrx_word' id='word_1_182' title='bbox 679 2667 712 2711; x_wconf 89' lang='lat' dir='ltr'>ut</span> <span class='ocrx_word' id='word_1_183' title='bbox 724 2655 887 2710; x_wconf 76' lang='lat' dir='ltr'>Alexander</span> <span class='ocrx_word' id='word_1_184' title='bbox 899 2653 1034 2710; x_wconf 88' lang='lat' dir='ltr'>nonnihil</span> <span class='ocrx_word' id='word_1_185' title='bbox 1047 2657 1155 2714; x_wconf 79' lang='lat' dir='ltr'>resede-</span> 
     </span>
     <span class='ocr_line' id='line_1_26' title="bbox 318 2737 1152 2817; baseline -0.006 -14"><span class='ocrx_word' id='word_1_186' title='bbox 318 2759 379 2817; x_wconf 87' lang='lat' dir='ltr'>ret,</span> <span class='ocrx_word' id='word_1_187' title='bbox 402 2765 439 2803; x_wconf 91' lang='lat' dir='ltr'>ne</span> <span class='ocrx_word' id='word_1_188' title='bbox 452 2746 555 2800; x_wconf 86' lang='lat' dir='ltr'>umbra</span> <span class='ocrx_word' id='word_1_189' title='bbox 573 2743 707 2816; x_wconf 88' lang='lat' dir='ltr'>corporis</span> <span class='ocrx_word' id='word_1_190' title='bbox 725 2737 781 2797; x_wconf 85' lang='lat' dir='ltr'>sibi</span> <span class='ocrx_word' id='word_1_191' title='bbox 799 2739 894 2794; x_wconf 84' lang='lat' dir='ltr'>lucem</span> <span class='ocrx_word' id='word_1_192' title='bbox 911 2739 981 2794; x_wconf 84' lang='lat' dir='ltr'>solis</span> <span class='ocrx_word' id='word_1_193' title='bbox 999 2740 1137 2800; x_wconf 82' lang='lat' dir='ltr'>adimeret</span> <span class='ocrx_word' id='word_1_194' title='bbox 1143 2761 1152 2812; x_wconf 77' lang='lat'>3</span> 
     </span>
     <span class='ocr_line' id='line_1_27' title="bbox 318 2828 1153 2901; baseline -0.005 -11"><span class='ocrx_word' id='word_1_195' title='bbox 318 2835 378 2890; x_wconf 86' lang='lat' dir='ltr'>alio</span> <span class='ocrx_word' id='word_1_196' title='bbox 392 2833 469 2890; x_wconf 80' lang='lat' dir='ltr'>enisu</span> <span class='ocrx_word' id='word_1_197' title='bbox 478 2850 511 2887; x_wconf 86' lang='lat' dir='ltr'>se</span> <span class='ocrx_word' id='word_1_198' title='bbox 523 2849 583 2886; x_wconf 85' lang='lat' dir='ltr'>non</span> <span class='ocrx_word' id='word_1_199' title='bbox 592 2828 731 2901; x_wconf 81' lang='lat' dir='ltr'>indigere.</span> <span class='ocrx_word' id='word_1_200' title='bbox 740 2858 775 2872; x_wconf 88' lang='lat'>-</span> <span class='ocrx_word' id='word_1_201' title='bbox 792 2843 817 2880; x_wconf 88' lang='lat' dir='ltr'>v.</span> <span class='ocrx_word' id='word_1_202' title='bbox 826 2832 867 2884; x_wconf 81' lang='grc' dir='ltr'>ΙΙ.</span> <span class='ocrx_word' id='word_1_203' title='bbox 882 2831 1001 2884; x_wconf 75' lang='lat' dir='ltr'>Poetere</span> <span class='ocrx_word' id='word_1_204' title='bbox 1013 2835 1103 2898; x_wconf 82' lang='lat' dir='ltr'>docte,</span> <span class='ocrx_word' id='word_1_205' title='bbox 1123 2829 1153 2886; x_wconf 87' lang='lat' dir='ltr'>tl.</span> 
     </span>
     <span class='ocr_line' id='line_1_28' title="bbox 318 2911 1154 2990; baseline -0.008 -11"><span class='ocrx_word' id='word_1_206' title='bbox 318 2918 525 2980; x_wconf 67' lang='lat' dir='ltr'>undescota.</span> <span class='ocrx_word' id='word_1_207' title='bbox 535 2916 707 2974; x_wconf 81' lang='lat' dir='ltr'>Torvitaris:</span> <span class='ocrx_word' id='word_1_208' title='bbox 728 2915 816 2972; x_wconf 82' lang='lat' dir='ltr'>Sacer</span> <span class='ocrx_word' id='word_1_209' title='bbox 832 2922 874 2968; x_wconf 85' lang='lat' dir='ltr'>est</span> <span class='ocrx_word' id='word_1_210' title='bbox 885 2911 966 2968; x_wconf 84' lang='lat' dir='ltr'>ribus</span> <span class='ocrx_word' id='word_1_211' title='bbox 985 2912 1040 2970; x_wconf 86' lang='lat' dir='ltr'>iste</span> <span class='ocrx_word' id='word_1_212' title='bbox 1053 2915 1154 2990; x_wconf 78' lang='lat' dir='ltr'>Sopho·</span> 
     </span>
     <span class='ocr_line' id='line_1_29' title="bbox 318 2997 1152 3078; baseline -0.004 -17"><span class='ocrx_word' id='word_1_213' title='bbox 318 3025 385 3066; x_wconf 82' lang='lat' dir='ltr'>runs</span> <span class='ocrx_word' id='word_1_214' title='bbox 407 3005 643 3078; x_wconf 69' lang='lat' dir='ltr'>Pythagoraeque</span> <span class='ocrx_word' id='word_1_215' title='bbox 668 2999 738 3054; x_wconf 87' lang='lat' dir='ltr'>facit</span> <span class='ocrx_word' id='word_1_216' title='bbox 762 3001 810 3056; x_wconf 82' lang='lat' dir='ltr'>vel</span> <span class='ocrx_word' id='word_1_217' title='bbox 834 2997 932 3056; x_wconf 85' lang='lat' dir='ltr'>saltem</span> <span class='ocrx_word' id='word_1_218' title='bbox 954 3000 1152 3074; x_wconf 79' lang='lat' dir='ltr'>Pythagoreos</span> 
     </span>
     <span class='ocr_line' id='line_1_30' title="bbox 318 3083 1152 3154; baseline -0.011 -5"><span class='ocrx_word' id='word_1_219' title='bbox 318 3088 589 3149; x_wconf 81' lang='lat' dir='ltr'>Foetentetduount</span> <span class='ocrx_word' id='word_1_220' title='bbox 597 3085 744 3142; x_wconf 80' lang='lat' dir='ltr'>foetorem</span> <span class='ocrx_word' id='word_1_221' title='bbox 751 3085 826 3150; x_wconf 84' lang='lat' dir='ltr'>talia,</span> <span class='ocrx_word' id='word_1_222' title='bbox 836 3083 1064 3154; x_wconf 59' lang='lat' dir='ltr'>discernens.</span> <span class='ocrx_word' id='word_1_223' title='bbox 1082 3089 1152 3142; x_wconf 88' lang='lat' dir='ltr'>Pone</span> 
     </span>
     <span class='ocr_line' id='line_1_31' title="bbox 318 3167 1150 3248; baseline -0.005 -14"><span class='ocrx_word' id='word_1_224' title='bbox 318 3187 430 3242; x_wconf 79' lang='lat' dir='ltr'>netur,</span> <span class='ocrx_word' id='word_1_225' title='bbox 455 3171 580 3248; x_wconf 83' lang='lat' dir='ltr'>indignes</span> <span class='ocrx_word' id='word_1_226' title='bbox 597 3173 680 3230; x_wconf 87' lang='lat' dir='ltr'>mitte</span> <span class='ocrx_word' id='word_1_227' title='bbox 698 3171 840 3246; x_wconf 81' lang='lat' dir='ltr'>querelas.</span> <span class='ocrx_word' id='word_1_228' title='bbox 866 3171 919 3226; x_wconf 83' lang='lat' dir='ltr'>llio</span> <span class='ocrx_word' id='word_1_229' title='bbox 937 3167 1015 3224; x_wconf 91' lang='lat' dir='ltr'>odor</span> <span class='ocrx_word' id='word_1_230' title='bbox 1033 3182 1075 3226; x_wconf 84' lang='lat' dir='ltr'>est</span> <span class='ocrx_word' id='word_1_231' title='bbox 1089 3191 1150 3248; x_wconf 74' lang='lat' dir='ltr'>pro·</span> 
     </span>
     <span class='ocr_line' id='line_1_32' title="bbox 317 3257 1149 3334; baseline -0.005 -18"><span class='ocrx_word' id='word_1_232' title='bbox 317 3261 402 3334; x_wconf 81' lang='lat' dir='ltr'>prius</span> <span class='ocrx_word' id='word_1_233' title='bbox 420 3260 589 3324; x_wconf 82' lang='lat' dir='ltr'>doctorum.</span> <span class='ocrx_word' id='word_1_234' title='bbox 606 3259 738 3332; x_wconf 78' lang='lat' dir='ltr'>ultusque</span> <span class='ocrx_word' id='word_1_235' title='bbox 759 3257 907 3314; x_wconf 77' lang='lat' dir='ltr'>cathedras</span> <span class='ocrx_word' id='word_1_236' title='bbox 921 3259 1149 3316; x_wconf 82' lang='lat' dir='ltr'>Pressentun...</span> 
     </span>
     <span class='ocr_line' id='line_1_33' title="bbox 318 3341 1148 3416; baseline 0 -16"><span class='ocrx_word' id='word_1_237' title='bbox 318 3383 326 3400; x_wconf 81' lang='grc'><strong>.</strong></span> <span class='ocrx_word' id='word_1_238' title='bbox 343 3382 371 3398; x_wconf 92' lang='grc'>..</span> <span class='ocrx_word' id='word_1_239' title='bbox 390 3343 531 3414; x_wconf 85' lang='lat' dir='ltr'>Diogenes</span> <span class='ocrx_word' id='word_1_240' title='bbox 548 3354 626 3399; x_wconf 89' lang='lat' dir='ltr'>certe</span> <span class='ocrx_word' id='word_1_241' title='bbox 643 3343 759 3398; x_wconf 82' lang='lat' dir='ltr'>nullum</span> <span class='ocrx_word' id='word_1_242' title='bbox 775 3341 895 3416; x_wconf 80' lang='lat' dir='ltr'>spiravit</span> <span class='ocrx_word' id='word_1_243' title='bbox 910 3360 1065 3400; x_wconf 79' lang='lat' dir='ltr'>amomum.</span> <span class='ocrx_word' id='word_1_244' title='bbox 1078 3381 1109 3392; x_wconf 89' lang='lat'>-</span> <span class='ocrx_word' id='word_1_245' title='bbox 1125 3364 1148 3400; x_wconf 85' lang='lat' dir='ltr'>r.</span> 
     </span>
     <span class='ocr_line' id='line_1_34' title="bbox 318 3426 1149 3501; baseline 0.006 -18"><span class='ocrx_word' id='word_1_246' title='bbox 318 3433 362 3492; x_wconf 70' lang='grc' dir='ltr'>ιβ.</span> <span class='ocrx_word' id='word_1_247' title='bbox 380 3430 499 3496; x_wconf 66' lang='lat' dir='ltr'>cuncus</span> <span class='ocrx_word' id='word_1_248' title='bbox 512 3427 533 3485; x_wconf 81' lang='lat' dir='ltr'>i.</span> <span class='ocrx_word' id='word_1_249' title='bbox 548 3444 573 3486; x_wconf 85' lang='lat' dir='ltr'>e.</span> <span class='ocrx_word' id='word_1_250' title='bbox 586 3427 743 3500; x_wconf 84' lang='lat' dir='ltr'>Diogenes,</span> <span class='ocrx_word' id='word_1_251' title='bbox 760 3427 857 3501; x_wconf 80' lang='lat' dir='ltr'>petris</span> <span class='ocrx_word' id='word_1_252' title='bbox 863 3426 1039 3500; x_wconf 82' lang='lat' dir='ltr'>Sinopensis,</span> <span class='ocrx_word' id='word_1_253' title='bbox 1056 3441 1149 3488; x_wconf 80' lang='lat' dir='ltr'>auctor</span> 
     </span>
    </p>
   </div>
   <div class='ocr_carea' id='block_1_3' title="bbox 232 3640 703 3896">
    <p class='ocr_par' dir='ltr' id='par_1_3' title="bbox 232 3640 703 3896">
     <span class='ocr_line' id='line_1_35' title="bbox 232 3640 703 3896; baseline 0.042 -20"><span class='ocrx_word' id='word_1_254' title='bbox 232 3640 703 3896; x_wconf 62' lang='lat' dir='ltr'>sm</span> 
     </span>
    </p>
   </div>
   <div class='ocr_carea' id='block_1_4' title="bbox 0 0 1304 4284">
    <p class='ocr_par' dir='ltr' id='par_1_4' title="bbox 0 0 1304 4284">
     <span class='ocr_line' id='line_1_36' title="bbox 0 0 1304 4284; baseline 0 4"><span class='ocrx_word' id='word_1_255' title='bbox 0 0 1304 4284; x_wconf 95' lang='lat' dir='ltr'> </span> 
     </span>
    </p>
   </div>
  </div>
 </body>
</html>
