<?xml version="1.0" encoding="UTF-8"?>
<!DOCTYPE html PUBLIC "-//W3C//DTD XHTML 1.0 Transitional//EN"
    "http://www.w3.org/TR/xhtml1/DTD/xhtml1-transitional.dtd">
<html xmlns="http://www.w3.org/1999/xhtml" xml:lang="en" lang="en">
 <head>
  <title>
</title>
<meta http-equiv="Content-Type" content="text/html;charset=utf-8" />
  <meta name='ocr-system' content='tesseract 3.04.00' />
  <meta name='ocr-capabilities' content='ocr_page ocr_carea ocr_par ocr_line ocrx_word'/>
</head>
<body>
  <div class='ocr_page' id='page_1' title='image "./jacobibaldecarm00mlgoog_0442.png"; bbox 0 0 2600 4284; ppageno 0'>
   <div class='ocr_carea' id='block_1_1' title="bbox 239 515 759 588">
    <p class='ocr_par' dir='ltr' id='par_1_1' title="bbox 239 515 759 588">
     <span class='ocr_line' id='line_1_1' title="bbox 239 515 759 588; baseline -0.002 -14"><span class='ocrx_word' id='word_1_1' title='bbox 239 518 304 588; x_wconf 75' lang='grc'><strong>418</strong></span> <span class='ocrx_word' id='word_1_2' title='bbox 554 515 656 574; x_wconf 77' lang='lat' dir='ltr'><strong>daaobi</strong></span> <span class='ocrx_word' id='word_1_3' title='bbox 671 515 759 576; x_wconf 74' lang='lat' dir='ltr'><strong>natta</strong></span> 
     </span>
    </p>
   </div>
   <div class='ocr_carea' id='block_1_2' title="bbox 239 685 1148 2260">
    <p class='ocr_par' dir='ltr' id='par_1_2' title="bbox 239 685 1148 2260">
     <span class='ocr_line' id='line_1_2' title="bbox 240 685 1026 780; baseline 0.009 -28"><span class='ocrx_word' id='word_1_4' title='bbox 240 689 290 752; x_wconf 82' lang='lat' dir='ltr'><strong>Ex</strong></span> <span class='ocrx_word' id='word_1_5' title='bbox 311 687 536 772; x_wconf 74' lang='lat' dir='ltr'><strong>quarantenis</strong></span> <span class='ocrx_word' id='word_1_6' title='bbox 559 690 686 775; x_wconf 84' lang='lat' dir='ltr'><strong>speeies</strong></span> <span class='ocrx_word' id='word_1_7' title='bbox 707 709 744 756; x_wconf 80' lang='lat' dir='ltr'><strong>ao</strong></span> <span class='ocrx_word' id='word_1_8' title='bbox 765 691 881 758; x_wconf 84' lang='lat' dir='ltr'><strong>blanda</strong></span> <span class='ocrx_word' id='word_1_9' title='bbox 903 685 1026 780; x_wconf 78' lang='lat' dir='ltr'><strong>rogari,</strong></span> 
     </span>
     <span class='ocr_line' id='line_1_3' title="bbox 282 790 1148 876; baseline -0.001 -23"><span class='ocrx_word' id='word_1_10' title='bbox 282 790 416 853; x_wconf 79' lang='lat' dir='ltr'><strong>Lumina</strong></span> <span class='ocrx_word' id='word_1_11' title='bbox 435 791 512 856; x_wconf 84' lang='lat' dir='ltr'><strong>mite</strong></span> <span class='ocrx_word' id='word_1_12' title='bbox 533 793 587 876; x_wconf 87' lang='lat' dir='ltr'><strong>pia</strong></span> <span class='ocrx_word' id='word_1_13' title='bbox 1104 793 1148 852; x_wconf 74' lang='grc'><strong>35</strong></span> 
     </span>
     <span class='ocr_line' id='line_1_4' title="bbox 325 891 715 958; baseline 0.013 -5"><span class='ocrx_word' id='word_1_14' title='bbox 325 893 367 954; x_wconf 87' lang='lat' dir='ltr'><strong>Et</strong></span> <span class='ocrx_word' id='word_1_15' title='bbox 388 892 480 957; x_wconf 83' lang='lat' dir='ltr'><strong>dulae</strong></span> <span class='ocrx_word' id='word_1_16' title='bbox 502 891 715 958; x_wconf 76' lang='lat' dir='ltr'><strong>conniventia.</strong></span> 
     </span>
     <span class='ocr_line' id='line_1_5' title="bbox 240 1007 1104 1096; baseline 0.008 -23"><span class='ocrx_word' id='word_1_17' title='bbox 240 1007 340 1095; x_wconf 75' lang='lat' dir='ltr'><strong>Nigra</strong></span> <span class='ocrx_word' id='word_1_18' title='bbox 348 1008 488 1096; x_wconf 86' lang='lat' dir='ltr'><strong>quidem,</strong></span> <span class='ocrx_word' id='word_1_19' title='bbox 511 1007 653 1073; x_wconf 77' lang='lat' dir='ltr'><strong>formosa</strong></span> <span class='ocrx_word' id='word_1_20' title='bbox 660 1023 776 1092; x_wconf 71' lang='lat' dir='ltr'><strong>tamen,</strong></span> <span class='ocrx_word' id='word_1_21' title='bbox 792 1011 941 1096; x_wconf 78' lang='lat' dir='ltr'><strong>neglecta</strong></span> <span class='ocrx_word' id='word_1_22' title='bbox 955 1012 1104 1080; x_wconf 81' lang='lat' dir='ltr'><strong>renidet</strong></span> 
     </span>
     <span class='ocr_line' id='line_1_6' title="bbox 282 1109 581 1196; baseline -0.01 -21"><span class='ocrx_word' id='word_1_23' title='bbox 282 1112 432 1176; x_wconf 85' lang='lat' dir='ltr'><strong>Pulorius</strong></span> <span class='ocrx_word' id='word_1_24' title='bbox 454 1109 581 1196; x_wconf 80' lang='lat' dir='ltr'><strong>effigias</strong></span> 
     </span>
     <span class='ocr_line' id='line_1_7' title="bbox 325 1213 803 1300; baseline -0.002 -23"><span class='ocrx_word' id='word_1_25' title='bbox 325 1213 515 1298; x_wconf 69' lang='lat' dir='ltr'>crescitque</span> <span class='ocrx_word' id='word_1_26' title='bbox 537 1213 673 1297; x_wconf 81' lang='lat' dir='ltr'><strong>simplex</strong></span> <span class='ocrx_word' id='word_1_27' title='bbox 693 1216 803 1300; x_wconf 75' lang='lat' dir='ltr'><strong>gratia.</strong></span> 
     </span>
     <span class='ocr_line' id='line_1_8' title="bbox 240 1325 1144 1410; baseline -0.001 -19"><span class='ocrx_word' id='word_1_28' title='bbox 240 1327 291 1392; x_wconf 83' lang='lat' dir='ltr'><strong>De</strong></span> <span class='ocrx_word' id='word_1_29' title='bbox 313 1326 448 1389; x_wconf 88' lang='lat' dir='ltr'><strong>rudibus</strong></span> <span class='ocrx_word' id='word_1_30' title='bbox 469 1325 570 1409; x_wconf 84' lang='lat' dir='ltr'><strong>spirat</strong></span> <span class='ocrx_word' id='word_1_31' title='bbox 589 1325 736 1389; x_wconf 82' lang='lat' dir='ltr'><strong>maiestas</strong></span> <span class='ocrx_word' id='word_1_32' title='bbox 759 1326 856 1392; x_wconf 82' lang='lat' dir='ltr'><strong>ardus</strong></span> <span class='ocrx_word' id='word_1_33' title='bbox 878 1330 997 1410; x_wconf 81' lang='lat' dir='ltr'><strong>sulcis3</strong></span> <span class='ocrx_word' id='word_1_34' title='bbox 1094 1335 1144 1390; x_wconf 76' lang='grc'><strong>40</strong></span> 
     </span>
     <span class='ocr_line' id='line_1_9' title="bbox 283 1425 733 1514; baseline -0.004 -21"><span class='ocrx_word' id='word_1_35' title='bbox 283 1434 356 1494; x_wconf 88' lang='lat' dir='ltr'><strong>Nox</strong></span> <span class='ocrx_word' id='word_1_36' title='bbox 379 1449 506 1514; x_wconf 87' lang='lat' dir='ltr'><strong>quoque</strong></span> <span class='ocrx_word' id='word_1_37' title='bbox 528 1442 619 1512; x_wconf 82' lang='lat' dir='ltr'><strong>grata</strong></span> <span class='ocrx_word' id='word_1_38' title='bbox 639 1425 733 1491; x_wconf 86' lang='lat' dir='ltr'><strong>decet</strong></span> 
     </span>
     <span class='ocr_line' id='line_1_10' title="bbox 324 1529 867 1616; baseline 0 -21"><span class='ocrx_word' id='word_1_39' title='bbox 324 1530 518 1615; x_wconf 87' lang='lat' dir='ltr'><strong>Mistumque</strong></span> <span class='ocrx_word' id='word_1_40' title='bbox 540 1529 750 1616; x_wconf 77' lang='lat' dir='ltr'><strong>praestringit</strong></span> <span class='ocrx_word' id='word_1_41' title='bbox 772 1529 867 1595; x_wconf 87' lang='lat' dir='ltr'><strong>diem.</strong></span> 
     </span>
     <span class='ocr_line' id='line_1_11' title="bbox 240 1643 1067 1731; baseline 0 -19"><span class='ocrx_word' id='word_1_42' title='bbox 240 1646 328 1712; x_wconf 80' lang='lat' dir='ltr'><strong>Mola</strong></span> <span class='ocrx_word' id='word_1_43' title='bbox 341 1665 455 1709; x_wconf 84' lang='lat' dir='ltr'><strong>carens</strong></span> <span class='ocrx_word' id='word_1_44' title='bbox 471 1644 589 1710; x_wconf 80' lang='lat' dir='ltr'><strong>virtute</strong></span> <span class='ocrx_word' id='word_1_45' title='bbox 604 1643 705 1725; x_wconf 83' lang='lat' dir='ltr'><strong>valet3</strong></span> <span class='ocrx_word' id='word_1_46' title='bbox 730 1660 792 1709; x_wconf 86' lang='lat' dir='ltr'><strong>tam</strong></span> <span class='ocrx_word' id='word_1_47' title='bbox 806 1667 903 1731; x_wconf 83' lang='lat' dir='ltr'><strong>parva</strong></span> <span class='ocrx_word' id='word_1_48' title='bbox 917 1648 1067 1714; x_wconf 84' lang='lat' dir='ltr'><strong>colossos</strong></span> 
     </span>
     <span class='ocr_line' id='line_1_12' title="bbox 281 1745 658 1832; baseline -0.008 -21"><span class='ocrx_word' id='word_1_49' title='bbox 281 1745 454 1832; x_wconf 80' lang='lat' dir='ltr'><strong>Deprimit,</strong></span> <span class='ocrx_word' id='word_1_50' title='bbox 480 1761 512 1810; x_wconf 86' lang='lat' dir='ltr'><strong>et</strong></span> <span class='ocrx_word' id='word_1_51' title='bbox 531 1745 658 1809; x_wconf 87' lang='lat' dir='ltr'><strong>cubitus</strong></span> 
     </span>
     <span class='ocr_line' id='line_1_13' title="bbox 323 1846 1126 1931; baseline -0.006 -14"><span class='ocrx_word' id='word_1_52' title='bbox 323 1848 462 1917; x_wconf 84' lang='lat' dir='ltr'><strong>Videtur</strong></span> <span class='ocrx_word' id='word_1_53' title='bbox 484 1869 555 1912; x_wconf 87' lang='lat' dir='ltr'><strong>esse</strong></span> <span class='ocrx_word' id='word_1_54' title='bbox 576 1846 728 1931; x_wconf 78' lang='lat' dir='ltr'><strong>pyramis.</strong></span> <span class='ocrx_word' id='word_1_55' title='bbox 1087 1859 1126 1912; x_wconf 76' lang='lat'><strong>⁴5</strong></span> 
     </span>
     <span class='ocr_line' id='line_1_14' title="bbox 239 1962 1060 2048; baseline 0.001 -18"><span class='ocrx_word' id='word_1_56' title='bbox 239 1964 301 2030; x_wconf 81' lang='lat' dir='ltr'><strong>His</strong></span> <span class='ocrx_word' id='word_1_57' title='bbox 313 1964 469 2039; x_wconf 88' lang='lat' dir='ltr'><strong>manibus,</strong></span> <span class='ocrx_word' id='word_1_58' title='bbox 491 1962 600 2041; x_wconf 87' lang='lat' dir='ltr'><strong>oredo,</strong></span> <span class='ocrx_word' id='word_1_59' title='bbox 624 1985 758 2048; x_wconf 86' lang='lat' dir='ltr'><strong>serpens</strong></span> <span class='ocrx_word' id='word_1_60' title='bbox 771 1963 867 2030; x_wconf 86' lang='lat' dir='ltr'><strong>elisus</strong></span> <span class='ocrx_word' id='word_1_61' title='bbox 886 1965 994 2032; x_wconf 79' lang='lat' dir='ltr'><strong>ethos</strong></span> <span class='ocrx_word' id='word_1_62' title='bbox 1009 1984 1060 2034; x_wconf 84' lang='lat' dir='ltr'><strong>ost</strong></span> 
     </span>
     <span class='ocr_line' id='line_1_15' title="bbox 282 2063 667 2148; baseline -0.008 -16"><span class='ocrx_word' id='word_1_63' title='bbox 282 2071 416 2132; x_wconf 86' lang='lat' dir='ltr'><strong>Pressas</strong></span> <span class='ocrx_word' id='word_1_64' title='bbox 438 2063 478 2128; x_wconf 87' lang='lat' dir='ltr'><strong>ud</strong></span> <span class='ocrx_word' id='word_1_65' title='bbox 499 2065 563 2128; x_wconf 85' lang='lat' dir='ltr'><strong>ima</strong></span> <span class='ocrx_word' id='word_1_66' title='bbox 582 2065 667 2148; x_wconf 86' lang='lat' dir='ltr'><strong>pede</strong></span> 
     </span>
     <span class='ocr_line' id='line_1_16' title="bbox 328 2167 743 2260; baseline -0.007 -26"><span class='ocrx_word' id='word_1_67' title='bbox 328 2168 482 2253; x_wconf 78' lang='lat' dir='ltr'><strong>Ortoque</strong></span> <span class='ocrx_word' id='word_1_68' title='bbox 504 2167 591 2232; x_wconf 84' lang='lat' dir='ltr'><strong>virus</strong></span> <span class='ocrx_word' id='word_1_69' title='bbox 614 2169 743 2260; x_wconf 82' lang='lat' dir='ltr'><strong>inspuit.</strong></span> 
     </span>
    </p>
   </div>
   <div class='ocr_carea' id='block_1_3' title="bbox 412 2365 779 2478">
    <p class='ocr_par' dir='ltr' id='par_1_3' title="bbox 412 2365 779 2478">
     <span class='ocr_line' id='line_1_17' title="bbox 412 2365 779 2478; baseline -0.022 0"><span class='ocrx_word' id='word_1_70' title='bbox 412 2474 414 2478; x_wconf 83' lang='grc'>,</span> <span class='ocrx_word' id='word_1_71' title='bbox 535 2365 779 2478; x_wconf 81' lang='lat' dir='ltr'><strong>onnvn.</strong></span> 
     </span>
    </p>
   </div>
   <div class='ocr_carea' id='block_1_4' title="bbox 292 2549 1037 2676">
    <p class='ocr_par' dir='ltr' id='par_1_4' title="bbox 292 2549 1037 2676">
     <span class='ocr_line' id='line_1_18' title="bbox 292 2549 1037 2673; baseline 0.001 -66"><span class='ocrx_word' id='word_1_72' title='bbox 292 2551 380 2622; x_wconf 69' lang='lat' dir='ltr'><strong>ormo</strong></span> <span class='ocrx_word' id='word_1_73' title='bbox 402 2553 516 2606; x_wconf 68' lang='lat' dir='ltr'><strong>artorio</strong></span> <span class='ocrx_word' id='word_1_74' title='bbox 539 2553 708 2673; x_wconf 46' lang='grc' dir='ltr'><strong>εἰαωιαηῦο</strong></span> <span class='ocrx_word' id='word_1_75' title='bbox 731 2553 869 2606; x_wconf 80' lang='lat' dir='ltr'><strong>sacellam</strong></span> <span class='ocrx_word' id='word_1_76' title='bbox 894 2549 1037 2620; x_wconf 62' lang='lat' dir='ltr'><strong>ostiaque</strong></span> 
     </span>
     <span class='ocr_line' id='line_1_19' title="bbox 602 2637 717 2676; baseline 0.026 -3"><span class='ocrx_word' id='word_1_77' title='bbox 602 2637 669 2674; x_wconf 74' lang='lat' dir='ltr'><strong>dan</strong></span> <span class='ocrx_word' id='word_1_78' title='bbox 694 2637 717 2676; x_wconf 67' lang='grc' dir='ltr'><strong>δ.</strong></span> 
     </span>
    </p>
   </div>
   <div class='ocr_carea' id='block_1_5' title="bbox 237 2723 1117 3512">
    <p class='ocr_par' dir='ltr' id='par_1_5' title="bbox 237 2723 1084 2922">
     <span class='ocr_line' id='line_1_20' title="bbox 237 2723 1084 2821; baseline -0.004 -18"><span class='ocrx_word' id='word_1_79' title='bbox 237 2723 313 2804; x_wconf 76' lang='lat' dir='ltr'><strong>Est</strong></span> <span class='ocrx_word' id='word_1_80' title='bbox 330 2734 451 2821; x_wconf 85' lang='lat' dir='ltr'><strong>aliquid</strong></span> <span class='ocrx_word' id='word_1_81' title='bbox 467 2733 608 2819; x_wconf 84' lang='lat' dir='ltr'><strong>lepidam</strong></span> <span class='ocrx_word' id='word_1_82' title='bbox 622 2747 695 2818; x_wconf 90' lang='lat' dir='ltr'><strong>post</strong></span> <span class='ocrx_word' id='word_1_83' title='bbox 711 2735 823 2799; x_wconf 80' lang='lat' dir='ltr'><strong>funera</strong></span> <span class='ocrx_word' id='word_1_84' title='bbox 837 2735 949 2802; x_wconf 79' lang='lat' dir='ltr'><strong>vivere</strong></span> <span class='ocrx_word' id='word_1_85' title='bbox 967 2733 1084 2800; x_wconf 79' lang='lat' dir='ltr'><strong>vitam:</strong></span> 
     </span>
     <span class='ocr_line' id='line_1_21' title="bbox 323 2836 827 2922; baseline -0.004 -21"><span class='ocrx_word' id='word_1_86' title='bbox 323 2841 404 2901; x_wconf 85' lang='lat' dir='ltr'><strong>Rem</strong></span> <span class='ocrx_word' id='word_1_87' title='bbox 427 2853 518 2899; x_wconf 81' lang='lat' dir='ltr'><strong>canto</strong></span> <span class='ocrx_word' id='word_1_88' title='bbox 541 2836 671 2922; x_wconf 80' lang='lat' dir='ltr'><strong>dignam</strong></span> <span class='ocrx_word' id='word_1_89' title='bbox 692 2836 827 2902; x_wconf 84' lang='lat' dir='ltr'><strong>vatibus.</strong></span> 
     </span>
    </p>

    <p class='ocr_par' dir='ltr' id='par_1_6' title="bbox 240 2937 1084 3117">
     <span class='ocr_line' id='line_1_22' title="bbox 240 2937 1084 3040; baseline -0.001 -35"><span class='ocrx_word' id='word_1_90' title='bbox 240 2942 330 3040; x_wconf 79' lang='lat' dir='ltr'><strong>Quae</strong></span> <span class='ocrx_word' id='word_1_91' title='bbox 338 2939 422 3006; x_wconf 84' lang='lat' dir='ltr'><strong>viret</strong></span> <span class='ocrx_word' id='word_1_92' title='bbox 430 2938 590 3024; x_wconf 83' lang='lat' dir='ltr'><strong>Oetingae</strong></span> <span class='ocrx_word' id='word_1_93' title='bbox 601 2937 768 3024; x_wconf 85' lang='lat' dir='ltr'><strong>spatioque</strong></span> <span class='ocrx_word' id='word_1_94' title='bbox 777 2937 921 3024; x_wconf 79' lang='lat' dir='ltr'><strong>indulget</strong></span> <span class='ocrx_word' id='word_1_95' title='bbox 933 2953 1084 3004; x_wconf 76' lang='lat' dir='ltr'><strong>stannum</strong></span> 
     </span>
     <span class='ocr_line' id='line_1_23' title="bbox 322 3038 804 3117; baseline -0.006 -12"><span class='ocrx_word' id='word_1_96' title='bbox 322 3039 484 3105; x_wconf 80' lang='lat' dir='ltr'><strong>inumbrat</strong></span> <span class='ocrx_word' id='word_1_97' title='bbox 504 3042 603 3106; x_wconf 86' lang='lat' dir='ltr'><strong>arbor</strong></span> <span class='ocrx_word' id='word_1_98' title='bbox 622 3038 804 3117; x_wconf 83' lang='lat' dir='ltr'><strong>frondibus,</strong></span> 
     </span>
    </p>

    <p class='ocr_par' dir='ltr' id='par_1_7' title="bbox 237 3141 1117 3330">
     <span class='ocr_line' id='line_1_24' title="bbox 237 3141 1117 3222; baseline -0.002 -12"><span class='ocrx_word' id='word_1_99' title='bbox 237 3147 311 3210; x_wconf 87' lang='lat' dir='ltr'><strong>Non</strong></span> <span class='ocrx_word' id='word_1_100' title='bbox 330 3141 427 3207; x_wconf 90' lang='lat' dir='ltr'><strong>habet</strong></span> <span class='ocrx_word' id='word_1_101' title='bbox 449 3158 577 3208; x_wconf 82' lang='lat' dir='ltr'><strong>enatum</strong></span> <span class='ocrx_word' id='word_1_102' title='bbox 598 3143 758 3213; x_wconf 81' lang='lat' dir='ltr'><strong>nemorali</strong></span> <span class='ocrx_word' id='word_1_103' title='bbox 776 3143 898 3208; x_wconf 86' lang='lat' dir='ltr'><strong>semine</strong></span> <span class='ocrx_word' id='word_1_104' title='bbox 914 3158 1058 3222; x_wconf 78' lang='lat' dir='ltr'><strong>stemma,</strong></span> <span class='ocrx_word' id='word_1_105' title='bbox 1101 3153 1117 3208; x_wconf 75' lang='grc' dir='ltr'><strong>ὅ</strong></span> 
     </span>
     <span class='ocr_line' id='line_1_25' title="bbox 324 3244 768 3330; baseline -0.009 -20"><span class='ocrx_word' id='word_1_106' title='bbox 324 3247 368 3310; x_wconf 91' lang='lat' dir='ltr'><strong>Ut</strong></span> <span class='ocrx_word' id='word_1_107' title='bbox 387 3244 490 3330; x_wconf 80' lang='lat' dir='ltr'><strong>fagus,</strong></span> <span class='ocrx_word' id='word_1_108' title='bbox 516 3247 592 3321; x_wconf 83' lang='lat' dir='ltr'><strong>ilex,</strong></span> <span class='ocrx_word' id='word_1_109' title='bbox 614 3244 768 3309; x_wconf 76' lang='lat' dir='ltr'><strong>fraxinus:</strong></span> 
     </span>
    </p>

    <p class='ocr_par' dir='ltr' id='par_1_8' title="bbox 237 3343 1060 3512">
     <span class='ocr_line' id='line_1_26' title="bbox 237 3343 1060 3432; baseline -0.001 -20"><span class='ocrx_word' id='word_1_110' title='bbox 237 3349 344 3412; x_wconf 85' lang='lat' dir='ltr'><strong>Funus</strong></span> <span class='ocrx_word' id='word_1_111' title='bbox 361 3358 431 3406; x_wconf 88' lang='lat' dir='ltr'><strong>erat</strong></span> <span class='ocrx_word' id='word_1_112' title='bbox 446 3343 605 3428; x_wconf 84' lang='lat' dir='ltr'><strong>quondam</strong></span> <span class='ocrx_word' id='word_1_113' title='bbox 622 3361 755 3409; x_wconf 85' lang='lat' dir='ltr'><strong>tenerae</strong></span> <span class='ocrx_word' id='word_1_114' title='bbox 775 3367 840 3410; x_wconf 90' lang='lat' dir='ltr'><strong>non</strong></span> <span class='ocrx_word' id='word_1_115' title='bbox 857 3345 922 3414; x_wconf 79' lang='lat' dir='ltr'><strong>vile</strong></span> <span class='ocrx_word' id='word_1_116' title='bbox 932 3347 1060 3432; x_wconf 82' lang='lat' dir='ltr'><strong>puellae</strong></span> 
     </span>
     <span class='ocr_line' id='line_1_27' title="bbox 319 3445 821 3512; baseline 0.006 -5"><span class='ocrx_word' id='word_1_117' title='bbox 319 3448 461 3508; x_wconf 83' lang='lat' dir='ltr'><strong>Densum</strong></span> <span class='ocrx_word' id='word_1_118' title='bbox 480 3445 666 3509; x_wconf 85' lang='lat' dir='ltr'><strong>renodantis</strong></span> <span class='ocrx_word' id='word_1_119' title='bbox 688 3467 821 3512; x_wconf 87' lang='lat' dir='ltr'><strong>comam.</strong></span> 
     </span>
    </p>
   </div>
   <div class='ocr_carea' id='block_1_6' title="bbox 253 3648 691 3908">
    <p class='ocr_par' dir='ltr' id='par_1_9' title="bbox 199 3648 691 3908">
     <span class='ocr_line' id='line_1_28' title="bbox 253 3648 691 3908; baseline 0 0"><span class='ocrx_word' id='word_1_120' title='bbox 253 3648 691 3908; x_wconf 57' lang='lat' dir='ltr'><strong>fn</strong></span> 
     </span>
    </p>
   </div>
   <div class='ocr_carea' id='block_1_7' title="bbox 0 0 1304 4284">
    <p class='ocr_par' dir='ltr' id='par_1_10' title="bbox 0 0 1304 4284">
     <span class='ocr_line' id='line_1_29' title="bbox 0 0 1304 4284; baseline 0 3"><span class='ocrx_word' id='word_1_121' title='bbox 0 0 1304 4284; x_wconf 95' lang='lat' dir='ltr'><strong> </strong></span> 
     </span>
    </p>
   </div>
  </div>
 </body>
</html>
