2600 4284
234 545 299 625 ⁴l5l
537 548 636 606 Jacobi
650 550 741 607 Baldo

235 723 401 790 Mordehit
420 722 556 808 ungueis
577 723 709 787 interim
733 739 786 790 aut
804 727 902 792 vellet
920 728 1002 812 pilos

279 829 343 891 Aut
363 825 488 890 erudite
511 825 632 888 tussiet.
1077 838 1131 890 tto

236 931 294 992 Est
316 928 371 1012 qui
393 948 525 992 susurro
546 927 642 991 solvit
662 926 844 990 haerenteis
867 951 964 1016 aquas

279 1030 497 1114 Scaphamquc
520 1028 687 1113 distinguit
708 1029 833 1114 scapha.

236 1131 389 1216 Plerique
410 1133 537 1215 plenam
559 1131 672 1214 Gange
694 1131 822 1213 palpant
842 1132 1064 1217 clepsydram,

278 1235 320 1296 Ut
341 1233 438 1294 stillet
458 1232 574 1295 humor
595 1232 725 1316 largius.
1201 1255 1202 1284 t

238 1333 334 1430 Quod
355 1335 465 1418 Gange
486 1335 594 1416 potius
617 1335 763 1417 repleant
773 1327 785 1410 ‚⁴
809 1331 961 1399 ditissimi
1078 1343 1132 1396 ¹1⁵

281 1441 363 1498 llant
381 1435 444 1497 hoo
465 1435 584 1499 honori
603 1432 752 1497 ssuminis.

237 1536 396 1601 iucundus
419 1557 516 1600 error
537 1555 572 1599 ac
594 1534 780 1620 superstitio
804 1551 896 1601 vetus

278 1637 440 1701 Demulsit
461 1637 530 1700 alba
553 1651 696 1721 pectora.

237 1738 380 1803 Credunt
402 1738 544 1802 secundo
567 1739 711 1822 pulcrius
734 1737 781 1802 sio
803 1739 910 1804 omine

280 1839 449 1903 Certamen
470 1842 679 1926 auspicarier.

238 1944 281 2006 At
302 1965 367 2006 non
387 1945 427 2005 ab
451 1944 539 2006 Azoa
560 1941 756 2005 Maccasaiuo
777 1940 928 2019 vincitur,

281 2047 448 2128 Utcunque
470 2044 592 2107 fauceis
613 2044 782 2126 increpet:

239 2144 413 2230 Obliquius
434 2146 596 2230 sophisma
616 2146 737 2229 rumpit
760 2144 922 2223 cornibus,

281 2250 320 2310 Ut
341 2266 457 2312 cervus
478 2248 655 2310 obstanteis
677 2248 797 2331 plagas.

238 2347 448 2432 Robiginosis
471 2348 520 2410 sin
542 2369 693 2430 premens
715 2347 881 2412 hastilibus
1071 2361 1118 2416 lto

283 2449 441 2512 Dilemma
463 2450 601 2534 spissum
617 2463 775 2534 torqueat,

239 2551 350 2614 Exibit
370 2566 449 2628 arte,
472 2573 531 2636 qua
555 2563 669 2635 potest,
696 2571 757 2635 qua
779 2571 845 2614 non
865 2565 990 2636 potest:

281 2654 364 2714 lctus
389 2652 460 2737 quis
482 2652 607 2714 omneis
630 2651 774 2715 caverit?

238 2753 395 2816 Panthera
421 2753 523 2837 qualis
546 2754 671 2836 capitur
694 2767 725 2816 et
746 2753 826 2816 saltu
846 2769 950 2818 tamen

281 2856 398 2915 Fertur
421 2875 515 2936 supra
539 2855 703 2928 venabula,

240 2957 346 3018 Semel
369 2969 515 3039 negatum
538 2957 716 3019 contumaci
738 2954 880 3037 cymbalo

282 3056 417 3139 Negabit
439 3056 687 3141 imperterritus.

239 3156 293 3220 Ab
314 3157 426 3220 usitata
448 3159 475 3219 si
497 3159 621 3222 recedit
641 3159 763 3234 semita,

282 3258 385 3320 Mulus
407 3271 534 3322 tenetur
546 3259 696 3335 ¹nuribus,

240 3360 304 3422 Aut
325 3359 356 3418 in
380 3359 515 3438 patentis
538 3373 632 3442 atque
658 3359 750 3424 nodis
773 3358 894 3444 hispidi
1071 3375 1117 3432 135

281 3458 417 3519 Domata
438 3457 522 3518 sacci
542 3458 692 3522 truditur.
