2600 4284
400 505 573 575 Lyricorum
583 504 646 561 Lib.
664 508 714 562 111.
734 509 776 565 43.
971 512 1034 580 277

207 677 362 740 Concinno
386 699 485 761 super
508 700 664 764 aequore3

242 778 425 872 Quanquam
431 780 559 863 pectine
567 779 640 841 dum
656 780 806 856 comerio,
817 795 985 846 annuoeot:
1001 788 1035 840 ²0

204 884 328 946 Tantum
351 878 456 943 forma
476 882 649 965 negotium,

241 980 367 1041 Fluctus
388 995 437 1045 tot
458 981 591 1065 subigis,
616 1005 729 1047 rursus
752 996 786 1045 ut
807 982 936 1046 excites.

201 1083 278 1156 Huo,
301 1103 321 1144 o
344 1096 467 1157 noster,
490 1082 564 1144 ades
586 1083 669 1144 nihil

236 1183 360 1267 Virgati
380 1197 525 1245 metuens
541 1186 683 1247 carceris
703 1184 837 1248 ostium:

198 1285 262 1346 Non
282 1285 426 1367 captivus
442 1284 528 1345 enim
550 1284 647 1361 domi,
998 1291 1030 1342 25

238 1384 301 1449 sed
325 1388 405 1448 saltu
427 1401 550 1447 teretes
570 1408 632 1469 per
651 1386 765 1477 radios¹
781 1411 863 1478 vago
894 1471 898 1476 ἢ

197 1488 334 1551 Lascivis
357 1488 391 1547 in
412 1480 578 1548 arundirie.

233 1590 280 1650 En
298 1587 416 1651 florem
438 1587 536 1651 milii}
568 1588 701 1673 ¹corripe
724 1588 857 1664 semina,

196 1691 287 1752 Ruris
309 1691 463 1752 innocuas
485 1688 592 1775 dapeS,

229 1790 270 1853 At
292 1812 407 1853 secura
429 1791 518 1853 necis
542 1805 693 1875 grataque
716 1790 850 1857 fercula.
905 1851 909 1859 ,
994 1802 1029 1854 30

196 1890 243 1954 sic
264 1891 355 1955 vivas
379 1893 489 1955 avibus
510 1890 615 1955 bonis.
726 1893 730 1900 '
773 1973 777 1981 ‚

227 1996 314 2069 Post,
342 2014 413 2057 cum
435 2015 500 2057 non
519 1993 628 2082 rigido
651 1992 785 2057 candida
805 1997 924 2079 pollice

192 2096 325 2159 Pennam
346 2094 481 2160 vulserit
500 2095 654 2179 Atropos,

228 2200 364 2275 (Parcae
385 2212 418 2260 et
439 2211 547 2261 vestra
564 2209 672 2259 secant
681 2199 831 2278 stamina,'
843 2201 871 2265 oi
889 2219 979 2269 vetuo

195 2297 340 2379 Smyrnae
360 2296 647 2377 fabulaereditur)
908 2354 911 2359 ,
989 2298 1022 2352 35

227 2400 420 2481 componam
441 2397 545 2462 violis.
557 2398 709 2463 mollibus
730 2418 764 2467 et
781 2402 881 2466 sacris

195 2495 292 2560 Funus
312 2498 487 2565 Pieridum'
501 2500 597 2587 roais.

228 2599 350 2661 Addam
371 2616 562 2693 perpetuum
583 2616 670 2665 serta
690 2601 838 2681 virentia,

196 2702 296 2765 Doneo
315 2705 520 2788 Melpomene
541 2724 636 2767 soror

227 2806 374 2869 Parnassi
395 2804 498 2893 riguis
518 2804 654 2868 collibus
675 2805 803 2870 inferat.
986 2817 1022 2870 lo
