2600 4284
399 532 570 602 Lyricorum
588 532 654 589 Lib.
672 536 725 591 IV.
747 542 770 591 l.

205 714 282 777 Vias
303 717 511 779 reluctantum
533 730 565 780 et
587 738 707 783 cuneos
729 724 834 806 magis·

203 817 402 891 Incurristi,
426 836 555 902 semper
575 818 612 881 ab
635 820 785 905 improbo

245 919 365 981 Livore
387 920 594 1005 Fortunaque
615 923 735 986 maiore

290 1021 354 1083 Cos
375 1019 505 1084 fuerant
527 1022 656 1087 inimica
678 1027 752 1089 tela.
814 1054 818 1064 ¹

201 1200 326 1263 Dolore
348 1201 445 1264 fortis
467 1223 561 1285 saepe
583 1205 691 1286 premi
710 1223 829 1291 potest,

202 1300 404 1397 Quandoque
425 1299 532 1365 flecti:
554 1326 619 1365 non
641 1320 746 1371 tamen
767 1313 920 1395 opprimi.

242 1404 360 1465 Salicta
381 1404 434 1469 vix
456 1420 598 1470 contecta
619 1408 753 1472 ceduntr

284 1506 398 1567 Palma
417 1527 492 1569 suos
513 1508 597 1570 levat
616 1512 676 1573 alta
695 1533 811 1576 ramos.

201 1686 270 1747 Non
290 1686 509 1771 negliguntur,
535 1712 615 1773 quos
634 1690 720 1755 hene
741 1697 878 1782 negligit

204 1788 329 1849 Numen
350 1789 550 1871 probandos:
580 1793 608 1853 si
629 1794 725 1859 modo
746 1800 879 1864 vulnera

243 1890 363 1950 Ferant
384 1890 514 1954 silentes
535 1911 633 1976 seque
657 1894 747 1959 duris

284 1994 361 2053 Non,
379 2006 518 2055 metuant
538 1998 667 2077 aperire
687 1997 772 2061 fatis.
869 2051 871 2055 .

206 2175 494 2239 llevolvemecum
513 2190 670 2261 tempora,
694 2182 840 2260 Maxime,

206 2279 333 2360 Unaque
356 2276 472 2339 confer
493 2279 581 2361 lapsa
600 2278 796 2346 fluentibus:
862 2315 865 2321 ⁴
914 2333 918 2342 ,

248 2376 406 2439 Accendit
428 2394 544 2444 eventu
567 2382 709 2446 secundo

288 2479 465 2563 Oppositus
491 2481 581 2545 color
594 2498 663 2547 ater
681 2487 798 2551 album.

208 2659 345 2723 Declivis
368 2674 452 2724 aetus
472 2661 535 2725 iam
557 2665 780 2746 superaddidit
818 2727 821 2733 ⁴
892 2678 897 2687 '

210 2760 263 2822 Bis
284 2760 424 2844 quinque
446 2763 556 2827 lustris
579 2789 635 2831 sex
656 2771 856 2849 trieterides,

250 2864 382 2944 integra,
407 2884 469 2927 nec
491 2886 587 2933 succo
609 2891 671 2935 neo
691 2874 780 2935 omni

288 2963 385 3025 Flore
408 2984 520 3029 carens
527 2989 537 3046 3
564 2968 707 3036 iuvenile
728 2990 905 3070 sceptrum.

213 3144 318 3207 Adhuc
342 3144 459 3229 fatiges
480 3152 654 3231 quamlibet
676 3153 857 3237 improbam

214 3248 323 3309 Molem
332 3248 442 3331 negoti
455 3248 608 3335 frangere
621 3257 777 3337 pertinax.

251 3352 364 3411 Hostes
384 3367 587 3435 peremptum
609 3356 736 3441 iamque
758 3358 875 3423 dudum
943 3410 949 3427 ,

288 3452 471 3519 Exanimem
497 3456 648 3521 volueret
671 3458 765 3533 vivis,
