2600 4284
400 493 573 561 Lyricorum
586 495 654 549 Lib.
674 497 711 549 tl.
731 504 770 555 10.
970 510 1030 578 105

206 671 330 755 Frangit
349 683 530 755 gementem
550 667 698 750 pondere
704 691 715 748 3
744 670 872 765 ferreae

205 774 348 834 Luctator
367 772 474 834 obstat
494 770 604 831 laneus
626 790 662 831 ao
683 771 778 834 rudes

246 872 393 956 consopit
409 871 491 932 ictus
512 885 545 933 ct
566 870 679 955 fatigat

279 975 357 1034 Arte
379 972 452 1054 pari
474 972 638 1034 iaculantis
660 988 770 1037 artem.

201 1144 267 1204 Hac
286 1141 340 1203 ille
362 1156 448 1203 tutus
470 1162 534 1203 non
551 1142 710 1223 premitur
730 1144 830 1220 malis,

202 1242 261 1303 Sed
279 1243 382 1304 maior
404 1242 452 1303 uti
474 1242 589 1325 gaudet
611 1236 641 1303 et
662 1244 802 1306 ultimam

241 1347 409 1428 Exspectat
423 1344 630 1406 inconcussus
643 1343 764 1420 horam,

274 1446 345 1541 Qua
366 1444 486 1527 Superi
507 1445 639 1505 voluere
658 1444 739 1529 lege.

198 1612 232 1673 Si
249 1628 334 1676 certa
356 1613 442 1695 capti
465 1635 552 1676 mors
573 1614 670 1675 animi
692 1613 767 1699 fuga
789 1630 846 1690 est,

198 1716 257 1776 Cur
275 1728 468 1796 expavescat
489 1714 697 1796 compedibus
719 1718 800 1779 Geta
889 1742 895 1755 ·

235 1814 437 1880 Solvendus?
458 1817 631 1878 Auctorem
653 1834 802 1904 sequatur

273 1923 329 1979 M'e
352 1916 424 2000 quis
449 1930 480 1978 et
500 1914 540 1977 ad
560 1917 715 1999 populum
736 1920 882 1986 silentem

198 2090 309 2150 Citatus
330 2089 454 2151 Adsum
476 2092 589 2153 clamet
603 2106 642 2154 ‚et
664 2093 766 2156 irruat

195 2189 336 2252 Festinus
358 2190 480 2253 umbris
504 2212 602 2275 seque
620 2195 806 2275 petentibus

232 2290 369 2366 Reddat,
392 2312 454 2355 nec
475 2309 602 2355 accuset
620 2296 786 2377 neganteis

270 2393 370 2453 Plora
390 2392 480 2457 Deos
500 2394 618 2455 iterare
638 2396 747 2460 lustra.

193 2561 275 2622 Nulli
296 2575 468 2645 querentes
490 2566 595 2627 secula
617 2566 741 2649 corripi

193 2662 425 2725 calumniantur
444 2663 509 2727 fata
530 2668 724 2748 protervius,

116 2804 117 2845 3
227 2764 331 2858 Quam
354 2766 409 2849 qui
430 2764 634 2829 merebantur
654 2771 789 2833 recondi

267 2866 354 2927 Ante
377 2865 463 2929 diem
482 2883 677 2951 properante
699 2870 775 2935 fato.

116 2998 117 3077 i
190 3030 269 3093 ueto
289 3028 343 3092 fin
365 3032 465 3096 solvo.
511 3036 598 3131 outa
615 3037 703 3114 miri,
731 3040 852 3115 varnis,

116 3132 118 3209 j
190 3130 281 3225 Quid,
302 3134 413 3209 Paule,
435 3132 524 3199 dices
545 3136 823 3221 magnificentius?

226 3236 288 3295 lam
309 3254 395 3297 nunc
417 3238 615 3319 quiescamus
638 3241 696 3299 sub
719 3242 806 3306 alno:

268 3336 346 3398 Cras
369 3336 461 3400 aliam
482 3338 637 3403 feriemus
660 3339 754 3407 oden.
