2600 4284
469 517 559 573 Liber
574 517 727 574 teruncius.
963 525 1002 594 31

159 707 225 750 euru
243 707 344 766 regem
363 689 536 753 nonenim,
563 707 667 762 magne
690 690 771 745 elada
788 693 940 747 stravisse
958 694 1005 750 ds.

158 782 234 834 rieit
253 779 280 836 d.
293 788 320 836 8.
339 779 412 834 Nov.
434 795 458 835 a.
479 783 599 834 11111.-
616 795 645 829 v.
664 782 705 833 26.
724 783 826 832 Aemus
842 795 864 836 a.
883 782 1006 835 Haemus

158 881 247 920 mons
274 875 318 918 ost
341 863 482 917 Thraciae
504 862 656 929 rmum).
675 891 710 904 -
745 881 771 920 r.
791 872 831 921 55.
869 865 1008 920 Christia-

159 970 218 1006 nus
237 949 409 1004 Anhaltinus
426 947 581 1020 Princeps,
599 950 796 1003 Boltemorum
816 961 946 1022 praetor,
970 969 1006 1006 eo

159 1037 283 1110 proelio
301 1035 457 1088 fortissime
473 1049 607 1108 pugnans
622 1035 793 1090 vulneratus
811 1051 845 1090 ex
862 1053 940 1109 equo
959 1036 1006 1091 tls·

161 1123 243 1179 cidit.
262 1149 297 1161 -
331 1138 359 1177 v.
377 1129 419 1178 at.
447 1121 1008 1176 liene-irusMatthiascomesds'l'hurn

158 1219 270 1264 auctor
287 1216 350 1262 erut
366 1206 533 1261 rebellionis
550 1207 720 1261 Bolsemices
737 1208 912 1280 praecipuus
923 1206 1007 1264 belli-

160 1311 225 1370 que
253 1293 429 1364 istaequentis
454 1307 537 1347 rausa
562 1293 691 1348 maxima.
727 1292 837 1347 Alludit
858 1305 945 1365 poeta
971 1292 1008 1347 ad

158 1384 306 1441 Turnum,
324 1379 498 1433 Rutulorum
515 1378 545 1430 in
563 1379 640 1433 italia
660 1394 766 1453 regem,
785 1397 872 1454 quem
889 1399 1007 1453 supera·

156 1470 208 1522 vit
226 1467 345 1522 Aeneas.
365 1465 499 1540 ctvtrg.
517 1467 589 1522 Aen.
609 1468 668 1520 llll.
686 1467 735 1520 lin.
755 1495 790 1508 -
809 1486 837 1522 v.
850 1472 892 1523 62.
911 1473 1009 1537 illeru-

161 1561 242 1608 lesia
260 1551 349 1606 luere
365 1550 436 1616 ludi,
454 1553 505 1624 qui
524 1552 745 1607 fiebantllomae
763 1553 868 1606 honori
887 1553 1008 1623 Cybeles

159 1638 255 1705 (leae,
283 1639 425 1692 Divorum
448 1640 577 1691 omnium
595 1636 702 1691 matris.
722 1667 757 1682 -
791 1655 818 1694 v.
846 1644 888 1696 73.
926 1644 1009 1694 l’ert·

157 1731 249 1780 scetis
266 1725 447 1786 ιπερισκελίς)
472 1724 552 1796 spurl
578 1725 721 1778 Romanos
744 1734 859 1777 veteres
886 1741 1008 1778 aureum

158 1813 261 1865 cruris
278 1812 425 1866 vinculum
449 1811 501 1872 lel'.
520 1813 584 1863 llor
607 1810 699 1881 Epist.
725 1809 743 1862 Ι.
765 1816 810 1874 17,
837 1815 911 1879 att,
940 1809 967 1864 h.
986 1809 1006 1864 l.

158 1897 255 1952 denus
268 1898 414 1970 Anglicum
427 1898 463 1951 ab
472 1893 611 1952 Eduardo
628 1899 680 1960 ΙΙΙ,
698 1894 865 1950 Britanniae
883 1913 962 1970 rege,
981 1915 1006 1952 a.

164 1991 232 2042 1³51
254 1983 432 2038 institutum:
458 1983 511 2036 der
530 1981 804 2038 llosrnltantlorden.
839 1983 914 2036 Dum
932 1983 1008 2037 enim

159 2071 313 2143 proelium
339 2058 583 2131 committeretur,
615 2069 677 2140 ipse
699 2067 862 2124 Fritlsrirus
887 2070 915 2124 in
940 2086 1008 2125 arce

158 2159 275 2228 Pragae
303 2156 478 2227 amplissima
499 2172 622 2210 coenans
643 2155 810 2228 exitumque
832 2167 1008 2227 exspectant,

162 2251 286 2313 accepto
314 2240 403 2296 eladis
427 2244 535 2296 nuncio
562 2242 753 2314 praeeipitem
777 2239 889 2322 sese'in
912 2241 1009 2314 lugam

162 2327 253 2388 dedit,
274 2328 303 2381 in
323 2345 378 2399 qua
396 2328 514 2401 quidem
531 2328 598 2401 luga
616 2345 674 2381 non
695 2343 783 2391 arma,
805 2323 855 2380 aad
875 2339 1009 2383 ornatum

159 2413 336 2468 muliebrem
356 2412 471 2468 abiecit.
508 2414 646 2466 Diadrma
667 2423 763 2467 autem
786 2413 897 2484 regium
915 2416 1008 2494 Bphe-

163 2502 254 2563 miae,
277 2499 313 2552 ab
333 2502 512 2571 lmperatore
531 2497 668 2553 donatum
686 2499 893 2561 Maximiliaum
911 2502 1009 2556 etiam.

161 2601 242 2640 nuno
259 2585 401 2639 monachii
417 2588 447 2639 in
465 2587 602 2639 thesauro
621 2585 705 2658 regio
724 2597 899 2644 asservatur.

232 2669 296 2726 Ode
319 2673 367 2727 tv.
396 2689 423 2727 v.
443 2683 467 2728 5.
490 2669 525 2727 ol.
539 2674 610 2727 Hor.
631 2672 685 2726 od.
699 2679 740 2734 13,
754 2683 820 2734 5.-
838 2693 865 2728 r.
885 2675 939 2731 ult.
957 2679 1010 2731 le·

159 2763 246 2813 nitor
265 2760 337 2811 Orci
353 2767 397 2810 est
414 2755 570 2825 Cerberus,
590 2756 666 2810 canis
683 2759 801 2830 triceps.

232 2842 312 2898 Ode
328 2846 362 2900 V.
398 2859 426 2896 v.
446 2851 470 2900 5.
490 2843 564 2896 Dele
581 2859 692 2896 comma
711 2854 777 2915 post
794 2845 1006 2916 patrimonium,

160 2961 194 2974 -
232 2949 260 2983 r.
280 2935 305 2986 θ’.
322 2934 435 2985 Munere
452 2934 570 2998 quisque
586 2939 640 2983 eet
658 2928 696 2985 ef.
714 2930 793 3002 Virg.
812 2937 882 2991 Aen.
906 2936 956 3000 Vl,
976 2938 1006 2989 61

162 3016 299 3092 Quisque
317 3031 385 3070 suos
405 3013 530 3088 patimur
549 3015 656 3076 menis,
676 3015 702 3076 h.
721 3034 746 3070 e.
760 3027 918 3079 tormenta,
942 3035 1008 3092 sup·

159 3103 263 3174 plicia.
300 3100 343 3158 cf.
363 3099 427 3156 Ode
445 3103 500 3168 ΙΙΙ,
520 3105 567 3167 ³2,
584 3108 629 3160 85.
654 3135 688 3149 -
712 3123 740 3160 v.
762 3111 802 3162 lo.
822 3107 911 3159 Notas
929 3105 958 3161 h.
981 3122 1006 3164 e.

164 3187 356 3244 tintinnabula
381 3185 542 3253 (Sehellen)
560 3205 588 3244 r.
607 3189 762 3243 Burmann.
782 3188 818 3242 ad
839 3191 1007 3272 Quintilian.

163 3277 234 3330 lnst.
253 3274 329 3338 vul,
349 3277 371 3328 t.
392 3303 425 3319 -·
456 3291 487 3327 v.
508 3279 548 3330 ll.
569 3275 667 3328 Verba
685 3275 796 3330 Horatii
815 3275 867 3332 od.
888 3279 1007 3347 lv‚12,

161 3365 205 3418 28.
222 3390 259 3401 -
289 3375 317 3415 v.
330 3368 369 3417 15.
395 3362 501 3424 Midas,
521 3359 623 3414 Gordii
638 3361 716 3434 regis
732 3362 825 3427 filius,
842 3362 1008 3435 Apollinem

165 3446 245 3500 iuter
263 3456 294 3500 et
309 3445 387 3501 Pena
403 3446 576 3502 eonstitutus
600 3448 712 3504 arbiter
740 3449 777 3504 de
801 3459 863 3506 arte
887 3450 1006 3520 mustea,
