2600 4284
106 3274 111 3417 ΙΙ
217 3315 470 3401 suppositosque
491 3317 582 3378 Deus

465 518 557 576 Liber
572 521 710 594 Epodou.
731 527 756 580 6.
981 530 1046 600 417

149 693 300 758 Scilicet
322 692 454 778 antiquo
474 696 570 758 talem
589 699 755 780 Repertus
777 697 817 762 ab
838 719 919 763 sero
1012 717 1045 768 ιο

176 815 180 820 ·
197 795 361 863 vindieat
384 811 419 860 et
439 797 578 861 mediam

248 900 404 962 Flammis
423 914 456 962 et
475 901 602 963 Hunuis
623 897 735 982 eripit.

155 1040 220 1102 lile
244 1041 446 1122 planetarum
467 1055 588 1124 septem
608 1041 794 1105 discrimina
815 1042 951 1108 lustrans

202 1143 249 1204 Et
269 1143 431 1205 scelerum
454 1143 599 1204 tenebris

250 1245 368 1306 Nisum
389 1243 496 1308 cubile
516 1244 669 1322 siderum,

161 1385 353 1470 Indignatus
374 1384 423 1447 ibi
442 1391 585 1450 Romana
606 1389 730 1472 piacula
754 1389 862 1454 sedem

206 1490 330 1573 Figere
354 1509 489 1573 eumque
508 1512 564 1552 sua

252 1591 377 1654 Sonore
398 1592 543 1654 Titanem
564 1593 637 1669 coli,

165 1723 233 1787 Cur
253 1736 382 1786 nostras
401 1721 553 1798 incestat,
576 1724 636 1802 ait,
663 1725 722 1788 Dis
745 1724 892 1810 turpibus
916 1745 989 1788 oras

207 1825 324 1887 Prisca
343 1824 530 1908 superstitio
572 1911 576 1916 ‚
1010 1825 1044 1877 ²⁰

251 1926 332 1989 Aris
353 1925 392 1990 ab
414 1947 515 2011 usque
538 1925 723 1990 Dardanis?

167 2055 255 2121 Cede
264 2056 529 2140 profaneannes
537 2071 570 2120 et
578 2078 650 2122 oum
657 2062 1008 2149 roveuunavenusque,

211 2160 325 2223 Martis
345 2161 461 2245 avique
482 2159 648 2244 probrum,

253 2264 400 2337 Mentire,
423 2261 514 2338 cede,
540 2264 693 2326 Mercuri.

168 2374 261 2438 Dixit
279 2391 313 2439 et
334 2375 448 2439 eiectis
468 2376 619 2460 purgavit
639 2377 750 2442 limina
770 2378 930 2442 monstris.
1012 2399 1045 2451 25

211 2475 381 2541 Nobiliore
403 2479 493 2540 tboio

256 2579 385 2642 Sacram
407 2581 518 2644 locans
538 2581 720 2667 imaginem.

99 2680 100 2719 ³
171 2711 260 2772 Haec
275 2722 318 2784 te,
336 2709 431 2787 Diva,
454 2710 578 2788 refert,
601 2713 726 2798 qualem
740 2711 836 2778 modo
850 2715 1011 2782 cernimus

792 2832 879 2882 rutro

214 2899 308 2982 Septa
330 2895 491 2982 doumque
516 2897 656 2981 pedum

254 2998 426 3084 Angustias
448 2999 638 3063 mirabilem.
1013 3021 1047 3074 3ο

178 3129 341 3216 Sceptrum
361 3130 451 3197 laeva
478 3131 583 3218 gerit3
605 3146 709 3225 'caput
737 3145 786 3194 est
814 3129 991 3196 diademate

802 3232 940 3296 cinctum
947 3255 957 3314 3

254 3419 396 3482 Dextrae
416 3417 546 3482 Puellus
567 3417 697 3482 insidet.

773 3552 806 3602 27
