2600 4284
276 529 339 597 300
569 572 572 581 2
603 528 702 585 Jaccbi
719 527 822 592 Baldel

565 706 628 769 Αιῑ
646 706 836 771 Martem

277 875 318 924 Dc
334 872 507 923 serenissimi
522 875 667 926 Electors‘c
685 878 757 926 aula
773 876 803 925 et
819 873 973 926 munitione
991 871 1143 925 usitata

624 960 773 1011 Monachil.
814 956 818 963 ’

593 1112 728 1175 ODE
771 1113 807 1173 11.

316 1249 517 1351 surgamus:
540 1269 670 1331 umbras
692 1288 830 1352 vespere
852 1268 932 1331 Iulio

320 1370 375 1432 Sol
397 1369 576 1454 longioreis
598 1371 732 1453 proiicit
754 1370 917 1434 occidens.

362 1470 427 1565 Qui
449 1492 544 1555 saepe
566 1493 744 1556 quanquam
766 1494 831 1534 non
852 1483 976 1554 sagatus

402 1574 493 1634 Bella
514 1593 592 1635 cano
613 1586 677 1648 tua,
699 1578 814 1656 Magne
836 1571 967 1646 Dirum,

320 1738 432 1800 Ausim
455 1754 487 1803 et
509 1740 647 1805 refertas
672 1741 826 1825 sulphure
848 1738 969 1803 fistulas

322 1844 474 1905 Lustrare
497 1857 602 1905 tecum
622 1857 654 1905 et
675 1844 844 1907 moenibus
866 1840 989 1904 additas

365 1946 501 2006 Turreis
524 1947 750 2029 coronatisque
772 1946 888 2008 vallum

408 2044 567 2108 Turribus
589 2060 621 2109 ct
642 2046 790 2130 scopulos
812 2044 991 2109 minantcis.

314 2214 395 2305 ¹Hac
417 2200 576 2289 suesanus,
603 2218 700 2288 Mars,
723 2212 779 2274 ubi
799 2212 962 2297 fulgurant

299 2298 302 2307 ¹
324 2317 466 2399 Augusta
488 2315 602 2377 summi
624 2328 709 2377 tecta
729 2313 851 2397 palatii,

368 2415 469 2513 Quam
489 2416 571 2511 sarna
592 2416 723 2479 claravit
743 2436 803 2498 per
825 2414 949 2489 orbem,

409 2518 499 2578 Haec
519 2517 637 2581 Bavari
659 2517 762 2579 Ducis
784 2517 868 2590 aula,
895 2512 990 2576 sedes

326 2687 503 2770 Regnantis
525 2685 650 2770 ingens,
677 2681 733 2747 sed
755 2680 886 2745 domino
905 2678 1023 2742 minor.

326 2788 362 2851 Si
383 2789 520 2853 curiosis
542 2788 575 2849 in
595 2785 773 2871 penetralia

365 2892 455 2953 Nunc
476 2889 570 2953 detur
592 2908 750 2962 accessus,
771 2882 907 2969 pudebit

407 2998 455 3057 'l'c
476 2988 651 3073 Rhodopes
673 3001 707 3051 et
727 2986 831 3050 euntis
851 2982 957 3047 Hebri

323 3164 482 3247 Altasque
505 3162 638 3247 posthac
661 3158 798 3223 culmina
818 3155 939 3240 patriae

324 3268 444 3334 lactare
467 3285 581 3345 parces
607 3263 710 3325 victus
730 3259 770 3324 ab
792 3258 926 3324 aemulo.

367 3362 547 3449 Splendorc
567 3377 763 3445 naturaeque
786 3375 818 3423 et
834 3358 911 3423 artis

314 3462 319 3471 ’
410 3466 542 3549 Ingenio
566 3462 684 3527 variata
706 3461 789 3523 miro
