2600 4284
379 516 628 587 Lyricorum-Lib.
643 518 680 573 11.
695 526 720 577 8.
733 527 755 577 9·
989 523 1045 592 101

208 684 353 746 Tandem
376 686 487 749 solutis
509 689 654 751 Caecuba
676 690 817 755 clavibus
933 755 937 763 ,

207 789 422 869 Mappamque
444 788 552 870 tingit:
586 803 618 851 te
640 811 701 853 nec
722 814 812 875 aqua,
839 794 931 871 ciuis,

247 887 403 949 Lustrare
424 885 585 970 dignetur.
623 890 773 985 Quietem
1009 918 1042 970 35

293 986 359 1047 Sub
378 987 507 1070 placido
531 990 616 1071 capit
637 990 691 1054 ille
714 1013 833 1077 cygno:

209 1104 257 1160 Te
280 1120 354 1160 saxa
374 1114 532 1181 pressant.
575 1102 631 1163 ille
653 1104 839 1168 reconditae

206 1200 339 1263 Talenta
362 1221 459 1284 gazae
483 1216 611 1284 promet
639 1216 672 1265 et
690 1205 822 1287 intimae

244 1301 372 1363 Avarus
397 1301 593 1385 immigrahit
614 1324 724 1367 arcae:

286 1404 439 1465 Funeroo
460 1403 521 1465 tihi
542 1424 601 1465 nec
621 1406 738 1468 triente
1005 1434 1040 1483 ιο

204 1532 237 1588 in
260 1550 296 1592 os
317 1545 461 1612 reposto.
507 1534 541 1595 Si
564 1536 715 1616 lacrymas
737 1534 836 1613 dedit,

202 1633 279 1693 Cum
302 1632 397 1693 dulce
418 1632 553 1715 pondus,
579 1655 685 1697 carum
707 1636 827 1712 odium,
853 1639 975 1715 extulit,

242 1731 424 1794 Credantur
446 1748 569 1816 emptae
590 1738 644 1801 vel
666 1736 834 1802 charontis

282 1838 506 1897 Immemorem
527 1836 679 1899 redolere
700 1839 838 1900 Lethen.

200 1966 262 2027 Pro
282 1962 368 2025 fluxa
389 1986 508 2039 rerum,
532 1964 617 2027 ssuxa
638 1968 780 2049 potentia

201 2066 367 2149 Opnmque
391 2065 499 2128 ludus!
532 2067 662 2143 somnia,
686 2070 807 2133 somnia

238 2164 362 2227 Emissa
384 2187 445 2248 per
465 2167 561 2229 rimas
584 2166 726 2230 eburnae

284 2272 363 2327 Mox
385 2268 500 2329 iterum
520 2266 702 2335 revocanda
726 2284 847 2352 portae.

491 2402 646 2415 ..nano-

341 2496 403 2559 De
442 2498 593 2561 Ioanne
626 2497 798 2581 Beona,

377 2602 476 2657 Suevo
496 2602 651 2677 quinquies
668 2600 769 2658 viduo.

442 2702 576 2765 ODE
620 2706 674 2767 tx,

201 2817 325 2894 Credet
347 2828 411 2892 hoo
433 2830 622 2914 quisquam?
644 2831 779 2912 Babylas
799 2830 932 2893 maritus
1045 2890 1048 2894 .

202 2930 348 3014 Coniugis
371 2930 509 3014 quintae,
532 2932 626 2993 simul
641 2947 825 3015 occupatam

200 3032 316 3095 Litibus
340 3051 447 3094 secum
468 3052 605 3115 rapuere
628 3033 751 3095 tristeis

443 3134 520 3197 Fata
545 3131 603 3201 sub
630 3133 769 3211 umbras,

199 3236 286 3313 Ducit
307 3247 340 3295 et
361 3246 480 3296 sextam
502 3234 626 3296 vetulus
646 3233 821 3305 iuvencam.
1005 3273 1022 3323 ὅ

200 3336 279 3401 Unde
300 3349 363 3397 tam
386 3332 475 3395 diros
495 3354 614 3416 precor
634 3334 739 3397 hausit
761 3331 887 3419 igneis?

198 3442 267 3501 Este
289 3438 431 3499 dicamus
454 3454 551 3516 super
573 3455 667 3496 omne
691 3456 825 3517 regnum

440 3535 545 3598 Maius
568 3534 694 3595 amoris.
