2600 4284
249 545 314 616 426
589 535 691 597 iacobi
708 537 797 595 Baldo

252 717 284 781 Ο
305 714 493 781 ambulantis
514 715 625 799 pulcra
648 731 742 776 scena
763 711 902 797 patriae!

337 822 367 885 Ο
390 831 531 882 monstra
551 817 598 877 nil
619 813 789 880 terrentia!

254 924 380 988 Salvete
401 918 493 984 facili
514 917 639 980 circino
660 915 775 980 ductae
800 916 888 979 faces

335 1024 510 1107 Pictacque
530 1033 662 1084 naturae
682 1037 789 1081 croco.

251 1131 341 1191 Haec
363 1137 497 1210 quantus
520 1121 597 1185 olim
618 1136 714 1185 nocte
736 1118 822 1204 suda,
843 1139 936 1204 quam
958 1119 1055 1184 ferox
1097 1135 1126 1190 35

336 1228 474 1289 lactante
495 1223 694 1287 monstrabas
717 1225 825 1289 manu!

251 1332 344 1394 Nunc
363 1341 447 1391 totus
468 1325 571 1389 oculis
592 1325 648 1387 ille
671 1323 810 1388 decessit
833 1321 935 1388 decor

335 1429 547 1493 Poscentibus
570 1426 714 1508 collyria.

252 1531 405 1596 Praefers
428 1530 567 1614 Olympo
587 1549 646 1591 seu
668 1527 868 1592 Cithaeronis
892 1527 1002 1613 iugum

336 1634 400 1696 Seu
420 1632 536 1695 montis
557 1630 644 1694 Idaei
665 1651 786 1694 nemus.

251 1737 303 1799 De
326 1735 416 1798 cuius
437 1748 506 1797 atro
528 1732 623 1798 fluxit
643 1754 701 1796 ors
723 1733 854 1815 viperae

335 1838 469 1900 Furoris
492 1835 578 1899 istud
597 1833 770 1919 poculum?

250 1938 431 2002 Moerimnc
452 1936 534 2001 vidit
552 1937 683 2001 obvium
704 1937 797 2020 prior
817 1938 902 2021 lupa,

337 2039 433 2136 Quod
455 2039 662 2123 suspicemur,
687 2062 726 2102 an
748 2038 862 2122 lupus?

253 2142 289 2205 Si
308 2142 451 2226 nuptiale
472 2140 577 2204 forma
597 2140 752 2224 philtrum
773 2140 908 2216 miscuit,

336 2242 416 2318 Dic,
439 2264 500 2328 qua
522 2244 608 2308 cales
630 2242 791 2328 Ogulnia?

253 2347 342 2409 Haec
362 2365 414 2408 me
435 2346 588 2429 loquente
607 2358 660 2407 ter
683 2357 857 2430 quaterque
879 2345 1040 2410 sternuist

336 2449 485 2509 Fortasse
507 2468 572 2509 non
593 2446 634 2510 ab
656 2445 750 2521 alliis,

252 2545 318 2611 Set
340 2568 380 2610 ex
400 2547 533 2612 honoris
554 2548 675 2613 fervidi
697 2548 853 2612 nasturtio

337 2649 479 2714 Sublime
502 2665 677 2715 commotus
695 2651 806 2734 gemis.

252 2753 384 2816 Placent
401 2751 518 2829 tiarae,
544 2773 707 2838 gemmeus
728 2767 840 2816 vertex
861 2751 966 2836 placet

335 2855 625 2941 Magnique-turbo
645 2854 794 2918 nominis.

243 2957 294 3023 'Et
315 2970 378 3021 tarn
398 2957 513 3033 videri,
541 2979 635 3043 quam
657 2956 769 3023 videre
791 2956 909 3024 iuverit

336 3060 411 3122 Alto
431 3059 619 3123 reclinatum
641 3075 724 3123 toro.

252 3165 317 3224 lam
337 3172 444 3224 ments
465 3161 580 3225 sorbes
600 3163 768 3246 pulverem
789 3159 972 3226 sonantibus

335 3267 499 3345 Rapturus
522 3264 607 3326 aulas
627 3264 765 3348 ungulis.

251 3368 315 3428 lam
336 3362 441 3446 pictus
464 3377 553 3425 extra
577 3363 707 3428 ducitur
729 3385 842 3428 currus
863 3363 954 3429 fores

335 3459 519 3543 Manditque
539 3461 633 3526 irena
656 3465 847 3550 quadrupes.
940 3477 945 3486 '
