2600 4284
616 529 717 586 Juuubi
730 528 818 586 Baldo

453 721 514 784 Ad
534 719 764 782 Bennunem
786 719 962 784 cussum.

486 873 556 924 Seni
571 874 683 923 cantum
700 884 756 920 uon
774 872 930 922 conuenire.

597 1035 731 1100 ODE
775 1037 828 1102 IV.

323 1212 417 1300 Non,
441 1226 469 1288 si
492 1223 569 1310 quid
591 1225 738 1286 iuvenem
760 1221 883 1307 fingere
905 1225 1092 1302 Lucerum,

329 1333 371 1392 Et
391 1343 434 1401 te,
459 1328 565 1402 Cossu,
593 1325 704 1405 decen
731 1325 782 1388 cui
805 1325 930 1410 rigidus
943 1316 1042 1390 'sedet

375 1430 469 1491 Hirta
489 1427 597 1489 fronte
620 1424 812 1500 December,

411 1530 475 1597 Nix
497 1529 608 1590 incana
632 1532 710 1610 tegit
733 1539 834 1610 caput.

328 1716 418 1779 Illum
440 1712 536 1774 multu
560 1710 643 1772 sinus
666 1708 779 1772 ludere
802 1731 861 1772 eeu
880 1709 960 1789 lyra,

329 1819 394 1880 Seu
416 1814 502 1876 malit
523 1813 661 1877 crotalus
685 1827 717 1874 te
739 1812 861 1896 refugit
881 1833 991 1874 senem

371 1918 498 1978 Calvum
519 1913 623 1976 ssavus
649 1915 776 1995 Apollo,

414 2021 461 2078 Te
482 2029 619 2099 putrem,
648 2016 721 2099 quia
743 2014 848 2099 putris
867 2035 913 2077 eu.

328 2201 400 2260 Non
423 2197 515 2268 dens,
537 2217 601 2258 non
624 2195 744 2269 oculus,
770 2217 835 2259 nou
852 2195 1022 2258 cerebrum
1037 2199 1137 2282 sopit,

328 2299 436 2361 Infans
457 2320 553 2360 nasus
576 2299 675 2359 hebet
697 2295 831 2360 dimidio
855 2298 972 2373 minor,
1147 2316 1167 2365 11

372 2398 472 2462 Multo
495 2399 640 2461 mucidus
664 2397 770 2473 imbui,

407 2500 500 2563 Nullo
519 2515 627 2584 gratus
651 2500 806 2562 acumine.
888 2514 891 2524 '

326 2685 369 2746 Ut
391 2703 487 2766 rugus
510 2696 651 2757 taceam,
675 2680 786 2744 scrobs
807 2681 874 2745 hiat
895 2680 1007 2745 unicus

338 2787 376 2846 In
399 2785 487 2848 vultu
496 2805 505 2862 3
530 2783 606 2867 quid
628 2783 730 2847 habes
752 2783 848 2861 illius,
874 2784 960 2846 illius

372 2885 551 2961 Clamantis,
573 2903 664 2968 pater
685 2883 793 2946 Euan!

414 2987 593 3070 cumanus,
614 3000 705 3070 puter
729 2984 856 3049 Euius?

326 3171 459 3232 Frustra
482 3170 647 3244 sollicitus,
677 3170 809 3256 frigide,
832 3170 1020 3250 Cynthium:

327 3270 407 3336 Odit
427 3269 552 3334 {lamma
575 3271 666 3356 gelu,
688 3295 749 3336 nec
771 3273 896 3337 vetulus
918 3276 1003 3338 hene

367 3374 477 3434 Certus
500 3390 571 3431 cum
592 3373 747 3454 Tegeaeis

409 3475 537 3543 vervex
557 3491 692 3533 currere
715 3475 851 3558 capreis.
