2600 4284
313 517 374 587 ιω
616 513 832 571 hmtetiones.

310 691 441 757 mecine
458 686 478 741 i.
492 702 516 743 e.
532 688 630 743 Venus
647 686 676 741 in
687 688 780 761 Eryce
794 699 892 745 monte
910 688 998 756 culte,
1019 687 1099 747 cllv.
1115 694 1157 747 27.

310 800 346 814 —-
362 790 390 830 v.
401 778 442 832 ll.
462 775 730 841 cuo,v.1tt‚es‚e.
746 804 781 815 -
798 792 825 827 v.
841 780 882 832 45.
902 780 1056 843 Pyrum
1075 776 1159 831 iuve-

311 860 356 913 nis
372 857 563 930 Babylonius,
582 856 710 912 Thisben
728 858 841 913 amabat
859 860 989 932 puellam
1006 861 1099 915 ‹loano
1117 861 1157 913 si·

312 945 412 1000 cinam.
431 942 490 999 Sed
506 960 522 997 a
538 942 711 1015 parentibus
728 952 851 1018 uterque
869 944 1000 1001 sollicitis
1013 957 1099 1001 ceute
1109 964 1157 1001 cu·

310 1027 410 1085 stoditi
429 1030 501 1085 clam
519 1029 556 1083 ad
573 1038 682 1083 certem
696 1040 777 1084 extra
794 1031 908 1084 moenie
923 1048 1040 1086 morum
1057 1032 1156 1087 decre-

312 1122 418 1169 verunt
436 1114 600 1169 convenire.
627 1114 715 1169 Prion·
731 1115 830 1169 aderat
838 1115 947 1171 Thisbe
963 1127 1000 1172 ut
1017 1116 1156 1181 lomina,

312 1200 363 1255 sed
380 1200 548 1255 adveniente
565 1200 645 1256 forte
662 1202 747 1255 leone
764 1199 866 1255 relicta
886 1201 961 1274 fugit
982 1213 1081 1263 veste,
1101 1221 1157 1277 qua

312 1286 367 1341 iste
384 1287 508 1342 lacerate
528 1286 665 1342 discessit.
689 1288 780 1343 Paulo
798 1304 870 1342 vero
883 1296 951 1359 post
963 1288 1095 1361 allapsus
1107 1292 1158 1361 Ρ]-

312 1392 409 1431 remus
427 1382 459 1428 ut
481 1385 591 1429 vestem
616 1373 755 1446 conspicit
781 1373 922 1439 laceram,
948 1375 1159 1449 discet-ptume

311 1460 377 1516 iere
395 1461 555 1516 existimans
572 1458 707 1524 Thisben,
726 1474 779 1513 suo
794 1476 823 1515 ee
836 1460 931 1532 gladio
944 1461 1076 1534 perimit.
1095 1462 1158 1515 ll'on

311 1547 349 1601 ita
366 1547 457 1602 multo
473 1557 538 1621 post
556 1560 674 1601 reverse
688 1544 794 1599 Thisbe
815 1562 880 1599 cuna
897 1546 1096 1619 palpitantem
1108 1544 1158 1601 ad-

312 1634 370 1689 buc
387 1634 545 1707 reperisset
554 1635 708 1702 Pyramum
725 1647 741 1685 e
759 1629 881 1685 vulnere
895 1640 1023 1685 tractum
1040 1632 1157 1688 sescum

313 1737 366 1777 auo
383 1730 503 1794 pectore
520 1717 625 1773 condit.
645 1716 729 1773 Ouid.
748 1716 816 1773 Met.
829 1717 878 1784 lv,
891 1724 934 1775 55.
948 1734 1061 1791 sqq.-
1078 1738 1107 1776 v.
1118 1724 1156 1775 st.

312 1811 444 1878 Myrrha,
461 1806 522 1860 lilia
540 1804 681 1875 Cinyrae,
704 1801 779 1874 patri
796 1800 895 1855 carior
915 1802 992 1856 iusto
1013 1822 1156 1859 conversa

314 1904 357 1949 est
373 1894 402 1946 in
421 1892 568 1964 myrrham
582 1888 730 1945 arborem.
747 1886 830 1942 Ovitl.
850 1888 918 1941 Met.
934 1889 969 1955 X,
983 1893 1112 1963 blosqq,
1125 1924 1156 1935 -

313 1995 340 2035 v.
353 1984 394 2037 lh.
415 1980 588 2045 hyacinthos
608 1974 720 2029 iuvenis
744 1971 889 2029 formosus
909 1971 1034 2045 Spartae
1060 1986 1153 2037 ortus,

314 2073 421 2119 amatus
439 2062 474 2116 ab
493 2060 639 2135 Apolline,
660 2060 739 2115 disco
757 2078 771 2115 a
789 2070 867 2116 terra
882 2078 1060 2133 repercusso
1082 2062 1153 2114 ictus

312 2146 403 2223 periit
420 2159 508 2222 atque
520 2147 550 2202 in
562 2148 665 2203 liorem
677 2158 719 2203 est
725 2158 858 2205 mutatus.
868 2144 956 2203 ovid.
964 2148 1037 2204 Met
1053 2149 1090 2213 Χ,
1099 2150 1153 2201 152.

315 2254 379 2310 sqq.
405 2240 528 2303 Adonis,
546 2252 573 2292 v.
590 2234 648 2300 Ill,
665 2238 713 2300 55,
728 2240 769 2295 57.
785 2262 821 2277 -·
837 2250 866 2288 v.
880 2240 921 2291 52.
940 2234 1048 2295 Notus,
1067 2248 1086 2285 a
1103 2232 1154 2287 lle·

313 2333 407 2395 ptuno
425 2319 533 2377 donati.
560 2324 701 2386 v.22,‘2t.

384 2405 459 2464 Ode
476 2408 578 2462 xxiv.
605 2422 635 2459 v.
649 2412 674 2461 2.
697 2408 822 2472 Arionis,
850 2404 918 2477 equi
936 2404 981 2458 sui
1000 2404 1153 2459 velocitate

315 2492 462 2555 Adrastus,
484 2490 562 2547 Talai
581 2500 611 2546 et
622 2490 806 2561 Lysimachus
825 2488 910 2559 lilius,
927 2506 1003 2545 unns
1015 2508 1031 2545 e
1043 2501 1153 2563 septen

315 2577 575 2633 heroibusThebas
586 2574 883 2652 aggressieineolumis
897 2574 996 2631 evasit.
1010 2574 1056 2631 Cl.
1068 2578 1151 2631 llon.

314 2664 347 2722 ll.
362 2664 401 2731 ll,
414 2670 473 2723 572.
483 2666 582 2730 ΧΧΙῙΙ,
595 2668 696 2720 345-
714 2680 742 2717 ν.
754 2668 779 2720 3.
799 2666 916 2728 Aethon,
933 2679 962 2716 v.
976 2663 988 2715 l
1001 2698 1010 2727 ,
1022 2670 1038 2720 b
1049 2698 1058 2729 ‚
1071 2666 1113 2719 32.
1122 2696 1153 2707 -

314 2768 342 2809 v.
352 2758 378 2809 5.
402 2756 546 2819 cellmua,
565 2764 657 2821 equus
679 2747 805 2803 Castoris
821 2756 849 2801 et
866 2746 1005 2814 Pollucis,
1025 2748 1151 2803 Xanthus

316 2834 444 2905 Achillis,
462 2834 487 2889 ei
496 2833 627 2889 redditus
638 2848 654 2887 a
665 2834 784 2891 lunone.
793 2860 827 2873 -
843 2851 871 2887 v.
884 2840 922 2891 15.
931 2835 1063 2901 Arpoeus
1075 2850 1151 2887 mons

316 2920 518 2995 Cappadociae
528 2920 689 2983 altissimus,
709 2918 820 2990 pascuis
836 2933 980 2991 equorum
992 2916 1151 2975 nobilest.

317 3008 451 3066 Cluud.in
458 3006 550 3062 liulin.
562 3007 680 3072 ll,30,-
689 3008 865 3069 v.lli.llebrl‚
874 3022 901 3059 v.
911 3004 1103 3069 tl,te,23.-v.
1111 3013 1149 3063 2⁰.

318 3098 430 3162 Pholoe,
449 3090 679 3147 monshrcacliae
691 3090 822 3158 silvosus,
841 3108 900 3162 quo
919 3101 1064 3145 venerunt
1083 3090 1149 3146 Cen·

315 3182 391 3237 tauri
406 3178 595 3235 ex'rhesealia
607 3174 764 3249 depulsi·
782 3183 857 3234 nli.
878 3180 1018 3233 Ptteatune
1028 3174 1149 3231 vehicula

316 3283 415 3341 genus,
434 3281 493 3335 quo
510 3262 691 3318 vehebantur
704 3272 868 3326 matronae,
888 3258 999 3316 duabus
1017 3260 1148 3317 libratum

316 3348 393 3404 rotis.
412 3348 541 3405 Orell-
558 3367 585 3401 v.
594 3355 638 3406 29.
649 3348 695 3403 Ol.
714 3346 777 3403 lob.
790 3346 916 3407 xxxlx,
936 3352 1060 3404 19-25.
1073 3378 1107 3389 —
1124 3362 1148 3399 t.

318 3442 358 3495 35.
379 3436 558 3497 censemus
582 3439 634 3491 cet.
659 3430 784 3489 Orelliua
805 3430 841 3489 de
857 3430 1057 3487 tintinnabulis
1075 3431 1147 3487 collo
