2600 4284
449 501 541 559 Liber
555 499 689 574 Epodou.
709 507 750 558 tt.
981 503 1045 574 431

325 679 388 746 Μ
407 679 635 746 naevum
662 679 852 759 Tamn-

407 808 508 860 carott
528 807 656 861 monta·
676 809 778 873 poetae

435 920 577 984 Testudo
598 921 759 1005 nuptialis.

560 1038 615 1086 Sive

360 1136 514 1210 Exemplar
534 1137 659 1210 optimae
683 1135 819 1212 coniugis.

468 1263 498 1328 0
521 1263 551 1324 D
573 1266 601 1326 E
643 1266 712 1328 Xll.

139 1407 308 1507 Accipe,
331 1423 482 1499 Laevini,
504 1425 612 1490 taedas
634 1447 692 1491 cur
713 1442 825 1492 noster
846 1427 965 1493 amicus

195 1527 349 1610 Spernat
371 1542 402 1590 et
423 1528 594 1611 impatiens

250 1630 349 1695 Vivat
370 1631 435 1692 tori
453 1631 635 1695 Brisonins.

148 1739 361 1804 Admonitus
388 1761 525 1825 sponsae
547 1744 704 1829 (genitrix
731 1746 922 1831 genitorque
941 1767 1008 1810 mo-

794 1847 926 1928 nebant)

201 1929 400 2014 Exsgitante
421 1933 494 1994 Deo
545 1950 548 1955 ·
1026 1939 1043 1990 ⁵

248 2035 285 2094 ln
308 2033 391 2097 hanc
411 2034 476 2096 ruit
498 2035 696 2099 senteutiams

155 2161 253 2258 Quid
274 2163 356 2225 mihi
377 2163 543 2228 vobiscum
565 2147 629 2240 est,
652 2165 780 2229 Lamiae
809 2179 986 2252 neptesque

804 2269 928 2333 Metelli

202 2351 435 2437 Ausoniaeque
457 2374 566 2430 nurus,

248 2457 369 2537 Togata
388 2457 510 2518 Romae
530 2455 743 2521 emblemata?

159 2568 250 2631 Nolo
273 2581 366 2644 tuam,
392 2569 478 2645 nolo,
503 2569 643 2633 Gracchi
664 2570 824 2648 Cornelia,
848 2569 971 2636 dotemt
1009 2591 1045 2646 10

95 2744 97 2753 ζ
203 2672 286 2732 Nam
307 2669 451 2754 pretiosa
472 2671 568 2733 nimis

251 2775 371 2855 Crepsa
393 2793 524 2835 avorum
546 2775 684 2857 proelis.

162 2906 237 2966 Non
247 2901 328 2963 mihi
336 2902 463 2987 vertigo
477 2901 574 2979 haec,
595 2919 630 2967 ut
638 2906 744 2990 pictae
760 2905 1006 2973 venditusarcac

95 3044 96 3047 =
205 3004 314 3089 Iurgia
335 3004 422 3067 mille
444 3004 555 3068 ferens

249 3107 329 3170 Tuis
351 3108 523 3192 triumphis
544 3105 692 3173 serviam.
1008 3113 1039 3166 15

98 3218 102 3315 Ι
164 3233 230 3294 Nec
250 3249 319 3305 ros,
346 3247 428 3311 quae
448 3227 586 3290 formam
607 3229 705 3313 longo
727 3228 847 3292 iactatis
869 3227 1005 3306 inaure,

206 3331 276 3396 Ore
297 3350 394 3414 pares
418 3330 548 3394 Triviae

248 3432 345 3496 Tanti
364 3436 526 3500 Lacaenas
543 3434 669 3500 secero.
