2600 4284
235 515 300 586 404
553 511 655 570 Jaeoot
671 511 761 568 Baltle

234 689 307 750 Hoo
321 705 416 770 quem
426 677 788 771 sntlernntqnatuoriam
798 686 1067 770 sanguinelnstra

278 788 414 887 Quoties
435 789 538 850 Eoum
560 787 664 872 potnit
682 787 805 872 acquiri
828 791 937 871 eaput!

235 889 303 959 Vos
323 888 522 952 Constantini
545 908 664 951 nummu
685 891 747 952 iam
769 888 845 951 sede
867 887 963 952 locati

277 992 451 1074 Regeretie
472 1013 538 1055 uno
558 991 722 1075 duplicem
738 1003 816 1054 nutu
836 989 964 1072 polum3

236 1096 302 1156 iret
330 1090 369 1153 ab
390 1111 506 1156 oeeaan
528 1097 705 1158 Romanum
725 1112 841 1156 nomen
865 1091 1038 1157 adortum
1071 1095 1129 1148 ยนโฐ5

279 1195 321 1256 Et
339 1191 460 1276 ubique
481 1197 598 1258 Caesar
619 1193 783 1257 diceretur
804 1193 941 1257 Flavius.

238 1292 474 1373 VeeterHalya,
492 1293 831 1380 veater'l'igrialoret3
856 1294 1089 1380 Aulideportu

279 1398 343 1457 lam
366 1409 472 1459 uestra
495 1410 592 1462 uteret
612 1394 723 1459 alaonis
743 1395 777 1456 in
797 1396 940 1460 Boeotia.

236 1496 325 1559 Ultro
348 1497 522 1560 Caucaseae
545 1513 577 1562 et
598 1497 698 1560 Tauri
720 1498 854 1561 elaustro
876 1498 1011 1582 pruinae

281 1597 401 1682 Spoliia
423 1601 582 1682 auperbna
604 1599 697 1662 mileu
719 1598 797 1661 itaet
816 1599 962 1662 barbaria
1069 1607 1127 1660 110

238 1698 303 1796 Qui
330 1717 417 1762 nuno
437 1702 552 1766 mentis
573 1702 667 1785 inops
688 1701 873 1786 patriaeque
897 1703 931 1764 in
955 1699 1079 1768 linibus

865 1803 1014 1882 haerena,

281 1909 345 1970 Seu
365 1906 470 1971 vineat
490 1907 626 1982 hostem,
653 1908 721 1970 aive
741 1906 896 1981 vincatur,
916 1905 1007 1968 furit.

240 2009 399 2074 stultitiae
420 2028 522 2094 genus
545 2023 594 2072 eet
612 2010 709 2093 peilie
732 2027 897 2093 opponere
918 2007 1006 2091 peila

281 2112 324 2173 Et
345 2109 411 2171 avia
434 2123 568 2193 nepotes
589 2125 683 2195 atque
705 2121 795 2173 natos
809 2107 966 2192 patribus,

239 2211 367 2296 Spicula
382 2231 453 2273 eum
472 2221 605 2293 poesent
626 2211 728 2273 alienu
744 2209 779 2270 in
799 2210 923 2273 viscera
937 2211 1044 2294 mergi
1072 2215 1121 2269 ttu

276 2311 440 2386 laudante
462 2311 554 2374 eoelo
574 2325 656 2374 teate
679 2311 829 2374 ferientia
849 2331 986 2372 manunt.

239 2413 284 2477 Aa
304 2431 409 2497 neque
430 2411 563 2475 militiae
583 2413 636 2475 tali
661 2434 715 2476 ona
737 2414 845 2474 laurea
867 2425 1001 2488 constat,

279 2515 347 2576 Nee
368 2512 466 2598 digna
486 2513 610 2575 serrum
630 2513 825 2576 nundinetur
843 2513 996 2596 praemia.

238 2617 304 2678 Pro
312 2615 418 2678 veteri
431 2616 579 2690 eleuant),
604 2615 679 2678 vilis
691 2636 751 2700 pro
768 2616 908 2700 otaapite
926 2613 1043 2698 glebae

283 2716 456 2801 sterilique
478 2715 558 2778 saltn
579 2726 662 2778 tanta
686 2714 799 2779 audent
819 2714 963 2778 erimina.
1071 2721 1121 2776 110

238 2815 394 2900 Pingnina
416 2837 437 2880 o
458 2829 576 2901 quanto
597 2814 688 2878 daret
700 2815 784 2880 uber
803 2815 939 2892 thuia,
963 2829 1086 2901 quanto

281 2917 438 2980 Fertilior
460 2916 525 2980 illia
545 2916 687 2979 nateitur
708 2918 829 3002 oernpio
851 2917 962 3003 aegeo!

239 3017 368 3087 Vitibua
380 3039 454 3082 arva
465 3016 583 3080 rubent
599 3017 769 3103 plenisque
786 3019 948 3082 canalibna
963 3016 1032 3082 exit

279 3119 323 3180 Et
342 3117 521 3202 navigando
541 3131 666 3203 aptarunt
685 3133 849 3184 autumnus
871 3122 951 3184 laon.

238 3217 417 3281 Innumeris
438 3220 508 3281 anri
528 3217 620 3284 venit
642 3233 767 3285 aeoreta
787 3235 936 3286 eorueotu
1069 3223 1116 3278 115

281 3319 442 3399 Partaque
462 3317 557 3380 tellna
577 3320 675 3402 pettit
696 3321 819 3387 exsolvi
839 3341 907 3385 auo.
