2600 4284
301 523 322 590 2
613 512 716 570 Jacobi
731 511 819 570 Baldo

303 685 444 754 lucundo
466 685 608 752 residem
629 708 793 750 murmure
814 685 980 770 praeterit.

304 793 407 866 Hanc,
432 789 490 854 sub
515 809 574 876 qua
596 787 718 852 recubo
741 787 911 874 languidus
931 786 1069 868 arbore,

305 891 458 957 Commisi
479 891 598 975 tepidis
621 891 691 973 ipse
712 890 864 955 Favoniis

302 993 442 1056 Parvum
465 1010 575 1056 semen
597 992 679 1076 agli,
702 993 793 1056 cuius
815 989 943 1078 origiue

303 1095 397 1162 Vitae
421 1109 508 1156 certa
530 1113 620 1156 meae
643 1108 789 1176 tempora
810 1095 938 1158 metior.

301 1199 376 1260 Non
398 1195 499 1259 stellis
521 1191 666 1256 Arabum
685 1215 747 1259 neo
769 1194 958 1278 Babyloniis

302 1299 445 1361 intentus
467 1293 611 1359 numeris
632 1311 781 1386 computo
804 1298 921 1360 secula.

303 1398 475 1463 Adiectum
494 1397 590 1460 toties
609 1396 760 1482 frugibus
782 1397 904 1463 iudicat

305 1504 435 1566 Annum
457 1499 520 1564 fida
541 1499 640 1562 Ceres
660 1497 806 1586 horaque
825 1494 928 1562 buxea

303 1607 340 1667 lu
362 1620 566 1689 quascunque
588 1615 681 1664 notas
703 1600 820 1666 forfice
842 1599 977 1666 tonsilis.

304 1708 424 1786 Natura
444 1703 596 1767 fruimur.
641 1703 808 1800 Quotquot
829 1717 905 1766 eunt
926 1701 1008 1778 dies,

308 1809 396 1871 Puro
420 1805 488 1869 sole
509 1805 638 1868 micant.
679 1805 815 1869 Somnus
836 1805 1010 1890 agrestium

307 1905 406 1971 Lenis
429 1920 543 1989 sponte
567 1928 656 1970 casas
677 1905 777 1971 intrat
797 1922 831 1971 et
850 1904 963 1983 affluit,

308 2009 428 2093 lrrepit
449 2010 558 2093 Tyriis
577 2009 707 2094 parcior
728 2008 875 2073 urbibus.

306 2113 372 2173 Pax
393 2125 425 2174 et
445 2110 560 2174 blanda
583 2111 675 2196 quies
698 2133 773 2174 rura
795 2111 1005 2196 perambulat

344 2211 399 2274 uid
419 2212 461 2275 sit
483 2233 559 2274 cura
581 2211 682 2288 ducis,
706 2212 817 2277 nescio
839 2214 962 2278 laetius.

308 2316 373 2376 Isto
395 2313 538 2377 continui
557 2314 692 2400 pullulat
718 2314 777 2377 otii

309 2412 414 2477 Iladix
436 2414 516 2476 alma
539 2414 617 2478 solo.
665 2415 812 2500 Purpura
834 2417 948 2483 vestiat

308 2512 424 2578 Infelix
446 2516 544 2596 alios3
566 2537 617 2580 me
639 2517 727 2583 iuuet
747 2519 842 2584 unice

313 2617 466 2714 Quamvis
490 2616 633 2680 Sidoniis
657 2620 791 2704 regibus
812 2620 933 2685 editum

311 2717 454 2781 Privatis
475 2731 603 2781 tenuem
625 2721 737 2786 vivere
755 2721 918 2786 censibus.

310 2817 406 2883 Haud
428 2817 536 2902 ignota
558 2820 686 2904 loquor.
730 2825 907 2908 Pauperies
928 2824 994 2886 mei

314 2923 464 3002 Regnum
484 2918 585 2982 maius
607 2917 713 2984 babet.
757 2923 870 2988 Ditior
890 2926 1040 2990 omnibus

310 3025 382 3086 Rex
404 3033 463 3094 est,
486 3019 667 3104 degeneres
683 3023 739 3107 qui
759 3025 865 3108 posuit
887 3042 1001 3104 metus,

311 3120 387 3220 Qui,
412 3141 484 3184 cum
504 3123 669 3207 possideat
689 3145 797 3208 pauca,
823 3127 912 3210 cupit
932 3129 1038 3191 minus

310 3223 519 3308 Apponitque
542 3225 643 3290 lucro.
687 3231 759 3291 Nou
781 3226 859 3292 bibo
880 3229 1079 3293 Caecubum:

310 3327 378 3388 Nec
398 3339 549 3410 porrecta
571 3329 700 3412 scyphis
722 3329 830 3394 toxica
851 3329 1017 3416 gemmeis.

311 3431 385 3494 Non
408 3426 519 3492 subter
540 3427 645 3504 niueis
667 3431 845 3498 velleribus
866 3431 967 3496 cubo:
