2600 4284
488 518 772 592 transponas.
994 531 1066 606 fla

136 680 309 746 Molleis
331 682 416 748 adiri
435 689 539 752 cumis
558 708 652 756 ornat
672 696 784 780 gnatia.

259 786 375 849 Placet
393 790 529 854 rotunda
550 799 683 871 veritas,

140 886 245 950 Non
268 911 370 955 vacua
388 890 487 954 rebus
509 893 618 970 rerba,
638 916 704 960 non
726 919 833 964 cmsae
849 901 940 966 nucis

262 994 428 1056 Promissa
448 994 661 1076 scintillantia.

150 1094 403 1159 Praemoneo:
424 1094 486 1158 iam
507 1118 592 1161 nunc
613 1099 704 1164 disce
726 1105 823 1168 sortis
846 1107 1002 1172 aemulum
1024 1123 1056 1179 tt

264 1197 308 1261 Et
328 1212 437 1260 notum
459 1212 492 1261 et
512 1199 655 1284 ignotum
678 1204 753 1286 pati.

155 1298 297 1379 Ingens
318 1320 380 1381 per
402 1301 525 1362 omneis
547 1303 648 1368 saeuit
664 1306 749 1369 aulas
769 1327 830 1386 nec
852 1329 978 1400 nouum,

262 1399 396 1477 Inuidia,
418 1403 570 1466 tormenti
591 1427 703 1490 genus,

160 1498 277 1560 Peius
298 1503 418 1566 mctalli
439 1505 610 1588 mugientia
628 1507 769 1592 ignibus,

262 1600 361 1664 Peius
379 1603 436 1686 pio
457 1606 620 1671 Busiride.

167 1699 307 1768 Virtute
327 1718 432 1787 gratas
454 1707 617 1774 dividente
638 1726 778 1779 tesseres
799 1779 801 1784 .

261 1806 405 1868 Dolosus
426 1806 526 1874 adstat
545 1812 696 1876 Ambitus

171 1906 218 1966 Et
237 1903 384 1990 inquieto
406 1907 535 1975 fluctuat
554 1936 646 1978 mens
667 1915 759 1979 alueo

264 2009 412 2095 Curaque
434 2034 509 2077 cura
530 2016 665 2079 nititur.'

171 2109 263 2172 Heic
284 2124 316 2173 tu
339 2132 499 2180 memento
522 2139 651 2202 semper
672 2117 825 2181 humanas
847 2117 935 2185 uices
1021 2125 1054 2180 75

262 2211 366 2275 Caeco
389 2217 488 2278 rotari
508 2218 647 2283 turbine.

171 2314 338 2375 Prensare
362 2315 475 2379 cristas
496 2334 603 2382 certus
623 2323 705 2386 altae
728 2321 862 2388 cassidis

261 2414 315 2475 Fit
336 2436 430 2500 saepe
454 2419 527 2482 vilis
551 2441 671 2485 ocrea.
790 2415 792 2420 ’

173 2512 320 2597 Exterge
342 2516 449 2594 bilem,
472 2522 625 2588 candidos
646 2523 707 2588 tibi
729 2523 799 2591 dics

262 2615 319 2680 Sol
339 2624 496 2685 crastinus
517 2623 587 2688 sors
608 2641 733 2692 annuet.
815 2693 818 2698 ,

174 2720 219 2780 Ut
240 2720 393 2799 audiaris,
417 2725 594 2808 applicabis
614 2728 709 2812 regia

267 2823 451 2888 submissus
472 2847 528 2888 ora
548 2829 675 2912 popliti.
728 2901 730 2906 ,

89 2926 91 2941 ¹
173 2923 277 2988 lsthic
298 2925 458 3003 seruntur,
479 2950 560 3014 quae
583 2947 674 2996 vetus
693 2931 867 3017 paroemia,

261 3029 380 3091 Aureis
401 3031 523 3094 habere
539 3033 719 3119 principes.

174 3127 354 3192 Felicitatis
375 3130 468 3196 irena
488 3150 562 3217 post
583 3133 663 3198 haec
684 3133 818 3224 attrahe,
1018 3133 1058 3230 Εὖ,

261 3235 311 3294 Ne
333 3246 502 3296 contumax
520 3235 711 3298 recalcitret.

177 3331 253 3408 Sed,
277 3332 346 3396 sive
368 3333 496 3398 scandis
520 3357 637 3398 summa
659 3355 750 3399 more
773 3353 907 3420 capreae

260 3434 435 3498 Hecu-entis
454 3437 489 3498 in
507 3436 655 3522 fastigio:
