2600 4284
360 531 534 600 Lyricorum
549 532 616 587 Lib.
636 536 684 591 ΙΙΙ.
705 542 747 593 ³2.
970 548 1032 615 253

196 700 314 763 Sernen
334 703 455 767 irarum
474 726 645 769 removere
665 710 760 771 velox

121 804 125 811 '
196 802 252 863 Nil
276 805 450 869 volaterris
471 807 577 883 modo,
599 809 646 869 nil
667 810 817 893 Aquino‚‘

196 902 316 967 Arduis
338 920 438 969 totum
460 908 625 971 sedenim
648 911 777 974 Sabinis

447 1011 565 1073 Debeo
585 1013 752 1094 plectrum.

199 1109 291 1203 Quod
315 1132 407 1185 cano,
431 1110 493 1174 ilos
515 1128 565 1175 est
584 1115 637 1176 vel
658 1116 758 1177 amica
778 1115 882 1200 Virgo

199 1214 260 1277 Vel
277 1234 391 1277 nemus
412 1234 537 1277 snorum
557 1214 708 1299 riguique
728 1217 819 1298 puris

197 1313 352 1375 Fontibus
375 1317 475 1377 colles
498 1329 530 1377 et
549 1336 655 1377 emens
679 1317 803 1380 sororis

451 1420 558 1480 Gratis
579 1417 710 1480 nodum.

199 1522 280 1587 Vivo
302 1544 355 1584 me
378 1523 503 1603 plenus,
527 1520 609 1580 nihii
629 1518 823 1603 appetendo,

196 1624 341 1686 Neminis
364 1637 502 1696 sternax,
527 1635 560 1682 et
580 1636 746 1704 utramque
768 1628 888 1684 sortem

197 1726 234 1785 lu
254 1725 328 1787 sinu
352 1737 465 1806 porto,
492 1744 597 1807 neque
619 1725 682 1788 iam
702 1722 864 1785 timendus

451 1825 546 1890 Vitor
562 1824 601 1886 ab
625 1824 711 1885 ullis.

195 1930 281 1990 Inter
303 1925 460 1989 admissus
484 1927 589 1989 socios
611 1925 714 1987 cuivis

196 2030 316 2090 [nesus
335 2028 488 2111 ignosco,
510 2028 587 2090 licet
608 2025 810 2088 immerentis

197 2130 300 2212 Saepe
322 2131 467 2195 latratum
490 2143 583 2215 ceput
605 2128 799 2219 obstrepens
820 2148 870 2193 cs-

451 2230 571 2291 lnmnin
592 2231 708 2312 pulset.

200 2328 361 2393 Candidus
382 2352 507 2393 morum
530 2332 657 2416 quoties
679 2352 801 2394 amaros

197 2432 305 2495 Audio
328 2431 430 2493 risus!
457 2434 582 2517 quoties
603 2433 642 2493 ad
666 2456 752 2496 arma

198 2532 323 2595 'nardus
345 2533 461 2597 irritor
484 2550 629 2597 veterem
652 2534 830 2597 monendus

457 2635 626 2721 Stringerc
647 2635 796 2700 versum!

199 2734 335 2819 Abnego
356 2735 479 2799 sermm
501 2752 606 2801 tamen
628 2738 795 2801 etduella.

197 2838 357 2902 Omnibus
378 2858 510 2901 coecum
532 2838 646 2901 videor
668 2840 813 2917 cadaver,

197 2938 294 3035 Quod
315 2938 379 3001 viri
402 2938 486 3001 iuxta
508 2941 670 3023 puerique
692 2963 830 3023 pronum
853 2944 911 3005 im·
1001 2963 1017 3011 r

446 3060 532 3123 punc
553 3042 714 3125 supinent.

199 3142 261 3205 Hic
282 3164 378 3204 mann
398 3163 508 3203 nasum
528 3142 644 3217 trahit,
666 3144 721 3207 ille
739 3144 874 3222 berham

198 3243 296 3308 Vellit
317 3263 353 3305 ac
376 3242 497 3308 erinnis
516 3243 714 3329 maciemque
738 3267 869 3331 magnae

199 3344 366 3408 Conscinm
389 3344 490 3405 famae
510 3344 646 3426 pavidus
667 3349 752 3411 tueri
805 3400 808 3429 ³

444 3444 595 3509 Cominus
617 3448 721 3512 audet.
