2600 4284
234 532 298 602 ³58
547 524 753 583 susumus

277 702 396 766 Umbra
417 716 450 763 tu
470 721 621 764 crescens
646 715 678 763 et
700 722 798 784 opaca
819 704 893 766 mali

277 804 428 887 Protegis
450 802 553 865 fessos
576 801 748 888 reficisque
771 804 880 868 vireis.

279 911 315 969 ln
336 906 418 970 rubo
439 904 564 988 spargis
584 904 679 966 iubar
705 906 867 970 ominosas

529 1007 674 1070 flesbida
699 1001 850 1070 flammae.

280 1110 368 1173 Scala
393 1124 426 1171 tu
448 1109 533 1172 coeli
554 1106 732 1191 supermida
755 1124 861 1174 certos

280 1210 402 1274 Nexilis
423 1210 521 1271 fulcri
543 1208 650 1272 radios
673 1210 711 1271 ab
734 1212 797 1275 alto

280 1314 381 1376 Ducis
405 1309 438 1372 in
460 1325 577 1375 terrum
599 1311 768 1396 solidoque
791 1312 897 1397 signas

532 1414 618 1475 Aere
640 1434 761 1498 passus.

282 1520 346 1581 Seu
365 1516 440 1599 polo
464 1513 529 1576 dici
552 1517 714 1595 Cynosura
738 1517 846 1592 mavis,

282 1622 372 1683 Clara
394 1633 551 1681 nocturno
572 1617 662 1701 regis
685 1617 760 1701 igne
783 1632 891 1679 nautas
899 1639 909 1698 3

284 1723 348 1785 Seu
371 1719 456 1781 diem
479 1717 615 1780 faustum
637 1719 721 1779 bona
742 1720 895 1781 nunciare

535 1820 663 1881 Nobilis
687 1822 762 1881 Eos.

284 1926 338 1986 llla
361 1917 478 2004 captivi
498 1921 600 2004 putris
622 1942 640 1982 e
664 1920 806 1985 fenestra

283 2027 379 2089 Missa
402 2039 475 2107 post
498 2022 619 2085 tristeis
641 2024 766 2105 pluvias
789 2014 932 2088 columba

286 2128 353 2192 Ore
377 2126 563 2209 decerptum
585 2123 718 2188 redieris
739 2127 840 2190 tulisti

538 2228 629 2289 Pacis
653 2228 778 2290 olivam.

263 2333 412 2416 'Hispidi
436 2332 578 2416 quamvis
600 2328 778 2391 habitemus
802 2333 888 2393 intes·

288 2438 365 2498 Saxa
389 2433 510 2505 8111111,
544 2447 647 2493 lamen
668 2452 708 2492 ex
729 2431 868 2515 Olympo

289 2535 420 2599 Diceris
443 2534 537 2596 nobis
559 2533 720 2617 gemuisse
744 2534 822 2595 visis

533 2636 682 2696 'Pusluris
705 2636 812 2709 instas,

285 2741 450 2801 Plumeum
471 2738 593 2801 laeveis
615 2737 698 2798 bens
722 2737 812 2799 ouius
833 2724 922 2800 ulus¹
969 2724 972 2731 ¹

237 2843 241 2856 “
285 2842 401 2923 Pingat
422 2853 597 2923 argentum,
626 2836 710 2901 bene
733 2828 862 2920 prestes·
883 2838 946 2900 alas

288 2943 384 3006 Cuius
406 2956 438 3005 et
460 2940 575 3005 collum
595 2941 751 3023 vsi-ioque
774 2939 903 3002 dorsum

537 3040 657 3103 Palleat
678 3060 765 3103 suso.

289 3150 355 3208 Nos
378 3144 506 3230 quidem
530 3164 644 3206 raucae
667 3144 786 3227 gensitu
808 3132 972 3228 palumbes

289 3244 446 3309 candidas
467 3246 550 3308 coeli
571 3246 721 3307 volucres
741 3244 904 3329 fugamus:

290 3350 371 3411 Sunt
392 3360 494 3409 tamen
516 3366 631 3409 raucae
653 3345 714 3407 tibi
737 3346 804 3408 visa
826 3344 941 3433 dignae

542 3448 624 3508 Cura
644 3446 821 3529 palumbes.
