2600 4284
561 555 682 616 Index.
990 563 1030 620 Xi

183 710 247 768 Ode
264 713 370 769 mu
411 710 463 768 sd
484 712 526 766 Ι).
546 711 699 790 Virginem
721 713 871 772 Auxilium
896 713 1029 772 Christis·

250 815 363 854 norum.

184 882 249 938 Ode
266 885 390 943 Xxxlli.
427 883 559 941 Chorene
577 886 747 942 mortuaies.

184 968 248 1024 Ode
267 973 391 1029 xxxiv.
429 971 575 1028 Gaudium
593 972 741 1045 sapientis,
758 967 800 1028 sd
814 973 952 1030 Stoicum.

184 1055 247 1111 Ode
265 1059 380 1113 XXXV.
414 1058 506 1112 Dirae
525 1057 555 1111 in
575 1062 748 1115 catarrhum.

183 1140 245 1199 Ode
261 1144 389 1202 xxxvl.
425 1141 472 1198 nd
485 1141 640 1213 Somnum,
658 1163 724 1200 eum
743 1145 894 1202 insomniis
910 1147 1026 1205 labors-

249 1239 303 1282 ret.

184 1311 243 1368 Ode
265 1315 410 1369 xxxvii.
446 1315 525 1368 Maio
549 1313 617 1370 viro
646 1313 687 1369 nii
711 1313 869 1388 prodesse,
897 1334 962 1372 oum
988 1315 1025 1374 ds

246 1397 367 1454 funesto
386 1398 463 1454 exitu
480 1398 689 1456 Wallensteinii
707 1400 799 1457 verbs
818 1399 940 1458 iecisset.

183 1482 243 1538 Ode
260 1487 423 1544 xxxvul.
459 1487 610 1560 Panegyris
629 1485 666 1542 de
682 1489 715 1542 B.
737 1487 858 1562 Virgine
879 1485 941 1542 sine
965 1504 1026 1541 ma·

243 1570 308 1624 cula
327 1579 473 1644 concepta.
495 1571 619 1628 Carmen
635 1573 776 1629 votivum.

183 1654 242 1710 (ide
259 1657 393 1710 XXXIX.
417 1657 630 1712 Enthusiasmus
647 1657 679 1711 in
696 1658 873 1714 eoemetorio
890 1657 1024 1714 conside·

244 1741 337 1796 rantis
354 1752 481 1796 mortem
499 1759 531 1796 ao
546 1742 715 1798 iunctorum
735 1761 808 1799 ossa.

184 1824 240 1880 Ode
255 1828 317 1880 xl..
355 1826 511 1908 Quomodo
529 1826 714 1902 sperandum.

184 1911 242 1966 Ode
262 1912 339 1967 xm.
376 1910 422 1966 Ad
445 1915 481 1968 D.
506 1914 658 1989 Virginem
684 1914 805 1970 salutem
828 1917 1022 1982 infirmorum,

245 2016 312 2053 eum
330 2007 498 2054 tentaretur
516 2009 626 2054 auetor.

187 2083 338 2140 otexntt.
362 2083 471 2141 Irridet
483 2085 694 2160 genethliacos3
715 2087 752 2143 ad
764 2087 922 2145 Henrionsn
931 2089 1022 2144 Bran-

244 2170 334 2228 dium.

185 2255 239 2310 Ode
257 2260 361 2313 XLili.
398 2261 433 2336 Q.
458 2257 612 2313 Horatium
634 2257 741 2312 imitari
763 2276 796 2314 se
814 2275 1022 2333 nonnunquam

242 2360 302 2396 non
320 2341 467 2398 imitando.
486 2343 578 2416 (Sylv.
596 2345 665 2416 Lyn.
684 2363 715 2411 v,
735 2349 775 2416 i.)

186 2425 239 2482 Ode
257 2429 361 2482 xmv.
399 2428 444 2483 sd
460 2432 497 2484 D.
517 2428 666 2502 Virginem
679 2431 801 2486 Carmen
813 2430 952 2488 Votivusn
964 2449 1022 2505 pro

241 2513 429 2570 serenissimis
447 2514 642 2588 Principibus.

185 2597 239 2652 Ode
254 2601 341 2654 XLV.
377 2599 422 2654 sd
439 2601 606 2657 Mauritium
623 2604 727 2658 Rosam
746 2599 898 2656 tribunum
913 2599 993 2656 belli.

139 2753 143 2760 1
185 2682 239 2736 Ode
254 2687 353 2744 xtvt
387 2689 452 2742 Non
470 2685 630 2742 notandam
652 2686 807 2760 prosapiae
830 2685 1020 2756 nobilitatem,

244 2771 295 2825 sed
314 2772 378 2826 eius
396 2788 512 2828 causam
530 2773 668 2828 virtutem
687 2769 865 2828 retinendam
883 2787 953 2826 esse.

185 2852 240 2908 Ode
257 2857 367 2916 xnvu
403 2859 545 2914 Demere
564 2859 765 2931 ungendorum
784 2857 965 2913 cadaverum.

184 2938 237 2994 0de
253 2942 383 2998 xnvut.
419 2943 605 3000 Moriendum
623 2961 694 3000 esse.

185 3024 237 3078 Ode
253 3029 350 3087 xttx.
390 3028 462 3083 Cum
488 3029 578 3083 amico
595 3029 747 3084 Scasontes
768 3046 836 3085 suos
861 3029 898 3085 ad
917 3029 1019 3088 Satur-

240 3113 313 3167 nalia
331 3113 467 3171 mitteret.

187 3195 238 3251 Ode
252 3201 286 3253 1..
322 3201 400 3253 Laus
418 3202 572 3271 posthuma
591 3203 626 3256 R.
649 3203 683 3257 P.
703 3201 801 3258 iacobi
819 3203 928 3260 Helleri
946 3203 976 3260 S.
994 3209 1017 3262 i.

238 3283 363 3339 rectoris
383 3285 485 3362 colleg.
504 3287 617 3346 Monac.
