2600 4284
268 536 333 615 342
576 528 680 591 iacobi
697 527 786 587 natta

314 714 370 779 sol
392 726 441 776 est
461 710 531 793 ipse
553 705 627 771 sibi.
656 708 750 767 Mens
770 701 857 787 gerit
875 698 1020 784 Hesperi

312 818 526 896 Auroraeque
546 809 636 874 uiues
656 826 692 869 ae
711 806 838 891 ¹quoties
859 802 940 869 libet
1119 816 1147 865 10

358 915 490 979 Festino
511 910 574 975 cita
595 922 684 973 metu

398 1013 577 1087 Pertransit
599 1010 759 1095 duplicem
781 1008 899 1093 polum.

314 1201 406 1259 Haec
428 1214 553 1268 secum,
578 1194 686 1259 Vacuo
711 1200 770 1252 stat
789 1186 891 1250 facies
914 1186 987 1249 sinu

315 1301 383 1361 Nes
405 1295 506 1358 fronti
528 1294 641 1379 vigilat
659 1288 795 1367 flamma,
819 1288 897 1375 quid
918 1287 1081 1353 interest?

358 1402 459 1461 'Panto
481 1397 574 1480 plura
596 1393 698 1481 quieti
1122 1396 1149 1447 15

402 1497 550 1561 Libertas
573 1494 672 1559 animi
694 1492 791 1562 videt.

317 1684 358 1744 Ut
378 1679 548 1765 praeferre
569 1678 674 1765 nigris
696 1674 830 1740 eandida
851 1672 1011 1741 nesciamt

317 1783 429 1849 Virtus
452 1780 507 1866 qui
531 1780 608 1844 vitio
627 1778 724 1843 distet
745 1794 777 1843 et
797 1777 868 1841 utili

360 1883 552 1945 secernatur
573 1879 751 1957 honestum,

401 1984 494 2047 Alter
515 1966 658 2045 Tiresias
681 1984 759 2045 scio.

319 2164 440 2234 Orbeis
461 2163 517 2226 ille
539 2183 632 2226 cavos
655 2163 798 2247 percitus
820 2174 852 2225 et
873 2181 979 2223 sacras

318 2265 525 2333 Convertisse
543 2286 656 2329 manus
677 2265 783 2331 fertur
803 2262 842 2329 ad
864 2263 996 2329 aethera

362 2371 588 2453 Eventuraque
610 2366 732 2431 cunctis

402 2470 594 2553 Explorasss
618 2469 771 2553 sagacius.

320 2655 417 2719 Vates
437 2666 527 2715 antra
548 2664 660 2736 petunt
681 2665 713 2715 et
733 2670 899 2713 nemorum
920 2650 1053 2735 domos3
1118 2672 1146 2723 25

321 2753 387 2848 Qui
408 2753 469 2817 Dia
489 2775 614 2849 cunque
634 2772 726 2817 sacer
746 2754 836 2817 lucus
859 2753 1030 2829 inhorruit,

362 2856 484 2919 Densis
506 2853 650 2917 reddidit
671 2852 792 2916 umbris

405 2957 588 3022 Obscurum
609 2954 804 3019 venerabile.

321 3138 375 3203 Sis
397 3156 547 3202 assuesce
569 3138 663 3201 mori.
694 3135 842 3201 Manibus
862 3135 998 3221 integris

323 3237 500 3302 Addendus
521 3238 627 3320 patior
645 3242 708 3299 iam
729 3237 866 3301 mediam
888 3256 1012 3301 necem.

362 3342 474 3402 Fatum
495 3339 622 3420 plenius
643 3352 739 3421 opt03

408 3441 543 3499 Tantum
564 3456 641 3519 pars
663 3438 746 3503 obiit
766 3440 842 3504 mei.
