2600 4284
274 484 336 557 290
491 543 494 551 ,
590 481 689 539 Jaoobi
705 482 793 539 Baldo

315 655 444 753 Quippe
468 668 500 719 et
520 654 656 720 colossis
675 656 834 721 excidium
852 678 908 719 sua

311 755 467 821 Decrevit
488 771 582 818 aetas.
611 758 800 823 Innumerae
821 759 926 822 iacent

356 856 462 921 Urbes
484 858 637 941 supinatis
659 858 805 921 humatae

398 958 572 1035 Turribus,
593 959 825 1046 antipodesque
847 961 947 1025 silvae

314 1130 450 1192 Deiecto
473 1148 544 1191 cum
565 1127 676 1190 radice
703 1126 866 1189 caelamina

315 1235 464 1297 Stravere
485 1230 594 1291 terris.
636 1229 737 1303 Nulla,
761 1228 980 1313 Melampodes

356 1332 548 1406 Pelusiotae,
570 1353 636 1394 non
659 1329 788 1393 caducis

399 1436 471 1499 Ulla
491 1431 572 1495 fides
595 1434 736 1516 scopulis
756 1431 913 1495 habenda.

313 1608 403 1668 Haec
424 1603 493 1688 ipss
514 1624 622 1687 rupes,
645 1602 697 1665 oui
716 1623 820 1688 prope
843 1601 949 1665 sidera

314 1706 440 1780 insisto,
465 1726 546 1768 vona
569 1703 728 1787 Sisyphiis
750 1726 844 1766 manu

355 1806 525 1868 Exstruota
548 1806 642 1881 saxis,
669 1805 769 1869 fracta
793 1804 921 1867 demum

397 1908 483 1970 Mole
505 1928 561 1970 sue
583 1906 720 1971 Pharios
739 1907 832 1969 ruins

314 2064 473 2124 Insternet
493 2082 599 2145 agros.
645 2060 728 2157 Quis
750 2059 844 2125 furor
863 2072 911 2123 est
928 2058 1038 2124 levem
1103 2067 1147 2121 1⁰5

314 2162 432 2228 Odisse
455 2176 575 2225 terram
597 2174 629 2223 et
649 2159 819 2222 funeribus
841 2180 939 2244 grave

353 2265 445 2330 Onus
467 2261 730 2345 superstruxisse,
754 2263 848 2347 peius

396 2365 437 2426 Ut
459 2362 583 2427 iaceas?
605 2363 648 2426 At
670 2364 756 2425 enim
776 2361 959 2449 loquenteis

314 2517 437 2581 Audire
458 2516 559 2580 Boios
586 2530 619 2579 ot
638 2514 755 2579 videor
774 2515 855 2578 mihi

313 2619 436 2688 Videre
457 2632 583 2702 portam
603 2615 734 2681 mobilis
753 2619 869 2680 horse.

356 2720 510 2785 Omaete
531 2733 619 2782 vates
641 2719 676 2781 iu
699 2720 830 2803 Canopo

397 2826 461 2886 Tot
481 2820 618 2906 populos
640 2819 823 2906 fluviosque
842 2820 985 2905 istasque

311 2976 449 3036 Emenso
471 2987 583 3036 terras.
618 2978 673 3038 Me
695 2972 802 3037 subito
824 2992 895 3036 mes

311 3080 403 3139 Mens
424 3095 464 3137 ex
484 3074 616 3139 remotis
635 3073 754 3137 finibus
774 3074 903 3141 ultimae

354 3176 495 3241 Reduxit
516 3176 657 3261 Aegypti
675 3181 862 3243 Monaoum:

396 3279 499 3373 Quam
522 3278 661 3342 eelereis
681 3278 780 3342 habet
800 3279 855 3343 illa
874 3280 1013 3365 pennas!
