2600 4284
406 530 585 599 Lyricorum
602 533 668 587 le.
685 538 717 591 11.
735 546 759 594 5.
988 547 1030 615 95

200 696 366 779 Suspendit
389 704 521 784 genitor
542 706 658 789 gulam,

235 801 342 861 Heron
363 804 517 867 stultitiae
537 828 602 868 non
626 807 741 873 dubius
760 830 861 894 nepos

198 898 309 959 Infelix
328 903 567 984 patrimonium,
1013 930 1026 972 ⁵

236 1002 358 1063 Maneis
380 1004 518 1089 quisque
541 1028 615 1069 suos
638 1027 674 1069 ac
694 1007 796 1070 furias
818 1011 922 1076 habet.

201 1100 276 1179 lpsis
297 1102 427 1166 debitus
449 1107 483 1165 in
507 1128 579 1169 suas

239 1200 350 1263 Seotus
371 1205 544 1285 particulas
567 1230 600 1269 as
620 1209 732 1290 pueris
752 1209 853 1273 datur.

199 1300 279 1362 Hine
297 1303 361 1364 iam
383 1303 536 1384 cymbala,
558 1308 656 1391 patrii

235 1404 315 1465 luris
337 1406 441 1487 signa,
463 1421 575 1488 petunt
596 1423 628 1473 et
649 1410 792 1492 quatiunt
813 1415 912 1477 nolas.
994 1429 1026 1482 10

197 1502 291 1564 Dulce
314 1520 365 1567 est
386 1504 537 1588 desipere
559 1509 593 1570 in
614 1511 698 1583 loeo,

233 1604 335 1666 Factis
359 1605 496 1690 quisque
519 1609 585 1671 suis
607 1612 720 1689 clamat
739 1614 902 1697 Horatius.

197 1705 275 1765 Raro
298 1706 425 1767 vertice
446 1730 510 1770 non
532 1725 631 1775 scatet
780 1788 784 1794 ⁴

231 1806 293 1867 Seu
315 1822 488 1873 cornutum
510 1811 630 1895 aliquid
650 1834 709 1875 seu
722 1812 806 1879 bene
819 1817 939 1883 mobile

193 1900 228 1963 Et
243 1927 302 1987 par
325 1908 479 1972 auriculis
500 1911 615 1975 Midae.
989 1942 1020 1992 15

228 2008 359 2070 Frustra
382 2008 562 2073 dissimulas
584 2013 728 2075 Dandira
747 2016 912 2081 Dandirae

195 2107 228 2169 Et
246 2108 312 2170 diei
335 2110 442 2171 fatuus
462 2110 565 2197 fugis:
892 2171 895 2178 .

226 2209 275 2271 nh
298 2233 365 2273 non
387 2212 562 2297 refugies,
596 2218 664 2283 sive
684 2219 888 2300 Borysthene
955 2273 960 2288 ,

195 2310 248 2370 Seu
266 2309 444 2374 defluxeris
466 2318 560 2379 isara.

226 2413 309 2474 Fatis
329 2436 387 2475 res
409 2416 531 2499 agitant
559 2417 621 2480 fata
640 2418 815 2502 nepotibus

194 2514 315 2594 lastant3
342 2516 485 2599 desuper
506 2519 631 2603 ingruit

225 2617 391 2680 Convulsis
412 2621 588 2681 cerebrum¹
606 2620 713 2683 debile
734 2622 850 2705 tegnlis
907 2653 911 2662 ·
959 2618 965 2664 ³

192 2718 300 2801 Urgens
321 2718 508 2783 imbrioitor
529 2724 632 2783 Notus

225 2821 460 2908 ventosumque
485 2837 578 2905 eaput
599 2824 753 2909 Gorgone
773 2825 887 2922 sibilat.

481 3084 636 3095 m
