2600 4284
266 512 328 583 306
585 500 688 559 iacobi
706 499 798 586 Baldo

258 684 261 691 “
306 685 348 745 Et
371 680 447 745 solis
472 692 562 741 extra
584 696 718 740 currere
740 675 858 738 limites

307 784 444 845 Conatus
464 800 591 844 omnem
612 779 711 842 uertit
732 776 771 840 atl
793 777 929 839 Aeolum

350 882 458 947 lnssata
480 880 594 969 grandi
613 878 684 941 vela
705 877 800 940 fastu.

391 988 496 1071 Seque
519 1002 657 1069 sequens
679 981 873 1066 fugiensque
896 995 984 1047 retro

308 1176 373 1237 Iam
395 1175 510 1234 Bactra
534 1171 623 1233 Susis
644 1170 793 1231 iunxerat
812 1168 921 1231 ultima

309 1280 513 1358 Taurumque
535 1284 676 1334 montem
697 1271 886 1354 Persepolis
916 1284 1021 1334 tamen

351 1380 441 1439 Ultra
462 1374 606 1438 tetendit.
652 1370 812 1459 Sogdiaua

391 1479 498 1541 Altior
518 1477 723 1561 inferiorque
743 1491 835 1559 petra

310 1668 442 1733 Devexa
464 1663 575 1728 muudi
601 1678 690 1725 trans
713 1660 923 1724 Arachosiam

313 1772 521 1854 Gangemque
544 1779 575 1828 et
596 1765 708 1827 ludum
730 1782 891 1848 quaerere
912 1760 1049 1847 navigat.

353 1872 500 1933 Pulsatur
522 1880 701 1931 exsternata
723 1863 853 1945 Tethys,

397 1971 519 2033 Oceani
541 1970 651 2033 domus
674 1969 735 2030 ima
757 1968 866 2051 mugit.

310 2146 346 2206 In
364 2162 471 2226 puppe
494 2155 642 2223 prostans
665 2140 720 2201 ille
743 2139 895 2225 remugiit

314 2246 434 2330 Suique
457 2245 581 2306 clausos
603 2242 716 2305 oceani
741 2262 817 2305 cava

355 2344 488 2409 Resudit
510 2359 614 2407 aestus
637 2358 670 2407 et
691 2344 850 2427 proeellas

301 2532 302 2536 Ἰ
396 2448 542 2511 Pectoris
565 2446 730 2510 immodici
751 2462 880 2528 vorago.

314 2621 438 2685 Fixisse
461 2634 576 2685 metam
597 2618 755 2683 debuerat
776 2619 873 2702 nigro

314 2723 452 2787 Cadeute
474 2727 579 2803 P0r03
604 2744 664 2806 qua
689 2720 762 2784 ssuit
781 2741 818 2783 ac
838 2720 922 2783 iacet

358 2828 553 2910 'serpetqum
576 2825 754 2889 debellarat
775 2824 905 2889 orbem:

400 2929 473 2989 Nou
495 2928 584 2991 satiat
604 2941 710 2989 tamen
729 2947 811 2989 unus
832 2948 938 2989 uuum.

317 3096 449 3160 Habere
469 3110 593 3180 partem
614 3118 681 3161 nou
701 3099 814 3161 voluit:
840 3096 948 3180 pudet.

320 3202 457 3261 Servare
479 3212 577 3263 totum
598 3222 665 3263 nou
686 3200 808 3284 potuit:
831 3199 928 3263 dolet.

358 3300 461 3373 Eheu,
486 3300 666 3363 volaturum
687 3324 748 3384 per
769 3324 863 3367 auras

403 3402 499 3461 Teste
520 3403 639 3485 premit
661 3403 857 3489 cohibetque
879 3426 988 3471 sexum
