2600 4284
514 536 603 591 Liber
617 537 738 609 primus.
969 541 1008 607 17

98 704 107 738 ³
149 723 181 758 v.
205 713 237 764 5.
264 714 399 774 Danaen,
418 727 446 762 v.
467 725 556 780 supra
572 715 605 775 2,
624 714 668 766 26.
686 740 721 750 -
744 727 771 766 ν.
793 713 832 768 16.
857 713 920 778 luo,
937 710 1007 764 Car·

98 789 108 820 i
147 792 225 846 nuti
262 799 435 866 episeopus,
472 792 682 852 fervidissimus
716 805 779 849 erat
804 793 1008 849 ecclesiastieae

98 875 105 907 ἵ
149 875 309 932 defensor
327 878 510 951 disciplinae,
526 881 590 952 pari
607 879 716 935 virtute
735 897 767 933 ae
785 879 934 945 doctrina,
964 879 1009 933 sui

99 986 100 993 .
147 962 307 1035 temporis
324 964 405 1035 quasi
424 964 569 1036 quoddam
580 966 738 1020 oraculum.
774 965 887 1020 Auctor
902 965 1006 1019 estEx·

98 1044 104 1074 ¹
150 1047 352 1120 eerptionum
376 1050 641 1105 Ecclesiastiearum
664 1051 842 1124 regularum.
881 1048 1006 1107 Vivebat

148 1143 262 1186 autem
280 1134 397 1189 saeculo
420 1136 470 1189 ill.
497 1145 525 1189 et
544 1137 604 1193 Xll.
623 1165 658 1180 —·
692 1155 719 1190 v.
740 1143 782 1192 29.
816 1141 1006 1204 Euesperare

147 1218 292 1273 verbum
319 1219 476 1292 proprium
500 1220 536 1274 de
560 1220 670 1276 morbis
692 1221 843 1275 curatione
866 1234 1005 1292 perversa

99 1304 101 1327 ¹
146 1299 245 1357 faetis
266 1303 472 1360 atrocioribus.
492 1337 527 1350 -
553 1325 582 1362 v.
597 1311 638 1363 33.
668 1311 820 1362 Bartholos
837 1304 931 1358 dietus
943 1305 1004 1357 Mo-

99 1386 102 1417 ἵ
148 1391 273 1443 narcha
295 1387 367 1444 iuris
388 1400 417 1443 et
433 1392 538 1445 Petrus
554 1391 660 1446 Baldus
685 1391 721 1445 de
738 1390 874 1458 Ubaldis,
905 1389 1004 1444 docto·

148 1491 206 1528 res
232 1473 307 1528 iuris
333 1490 388 1533 see.
405 1476 465 1532 XV.
478 1475 508 1529 in
527 1475 608 1531 ltalia
631 1475 822 1531 celeberrimi.
848 1473 1029 1531 Huldritus‘

150 1564 276 1613 zasias
292 1561 514 1617 constantiensis
538 1561 645 1617 amiens
661 1560 787 1624 Bresioi,
808 1558 1005 1633 iurispruden-

148 1644 215 1699 tiae
233 1663 292 1700 see.
309 1648 387 1701 xvi.
401 1648 432 1700 in
450 1649 603 1704 Gemania
621 1649 783 1703 restitutor.
799 1677 834 1689 -
857 1663 884 1703 v.
897 1649 937 1702 37.
952 1650 1005 1701 Po·

150 1738 303 1800 dulmine,
315 1732 479 1806 Aesculapii
487 1734 572 1799 lilius,
592 1733 720 1788 medicus
732 1731 869 1787 famosus.
884 1759 913 1772 -
923 1749 952 1786 v.
961 1735 1003 1787 10.

150 1821 309 1872 Ausonias
326 1819 344 1876 i.
363 1839 391 1894 q.
416 1819 534 1874 Latinus
556 1820 604 1873 vel
620 1821 774 1874 Romanus.
786 1845 821 1857 -
839 1836 867 1872 v.
884 1821 925 1874 11.
942 1821 1003 1872 Mo·

151 1907 258 1970 ciaon,
269 1902 525 1977 Aesculapiifilius‚
544 1903 660 1958 celeber
667 1901 803 1966 medicus,
824 1903 912 1958 Creta
926 1917 1002 1956 eom-

152 1987 297 2061 migravit
317 1987 355 2043 ed
372 1989 483 2043 bellum
496 1990 664 2044 Troianum.
680 2017 712 2028 -
723 2007 750 2045 v.
764 1995 805 2044 12,
826 1994 929 2043 vostris
945 1993 1003 2042 tom

153 2080 348 2142 captatoribus
359 2076 387 2128 h.
397 2093 422 2130 e.
432 2091 528 2147 prope
540 2072 687 2146 depositis.
699 2071 742 2128 ef.
750 2072 844 2127 Plaut.
858 2073 970 2128 Millll.
980 2078 1004 2130 1,

154 2165 229 2217 35³:
249 2177 337 2214 senex
354 2160 502 2233 capularis
521 2161 550 2217 h.
567 2177 592 2214 e.
612 2158 718 2231 capulo
736 2158 784 2212 vel
803 2158 892 2213 morti
903 2156 1002 2228 proxi·

156 2262 233 2299 mus.
271 2247 310 2300 Et
325 2246 403 2302 infre
420 2253 466 2308 27,
479 2253 511 2302 2:
533 2248 682 2300 Moturum
701 2245 805 2316 capulo
823 2241 906 2297 vidit.
922 2273 955 2285 -
974 2259 1002 2297 v.

156 2339 204 2389 11.
225 2331 317 2387 Codri
334 2331 493 2405 pauperies
511 2330 583 2383 abiit
603 2332 633 2384 in
649 2328 842 2402 proverbium
859 2328 1000 2380 eriuven.

153 2416 219 2474 Sat.
236 2417 292 2483 ΙΙΙ,
306 2425 357 2475 208
369 2436 433 2491 sqq.
451 2418 498 2472 Nil
516 2417 618 2472 habuit
629 2413 759 2480 Codrus3
779 2414 845 2485 quis
860 2413 936 2465 enim
954 2429 1002 2466 ne·

154 2502 226 2574 gat?
246 2512 383 2556 ettamen
393 2501 467 2556 illud
477 2500 612 2558 Perdidit
630 2499 733 2554 infelix
749 2507 842 2552 totum
853 2497 940 2550 nihil:
960 2497 1004 2551 ul-

155 2588 248 2642 timus
269 2599 366 2643 autem
379 2588 543 2643 Aerumnae
564 2586 713 2651 cumulus,
738 2583 818 2656 quod
837 2582 948 2636 nudum
974 2591 1003 2635 et

155 2673 256 2729 irusta
273 2669 427 2746 rogantem
435 2675 525 2729 Nemo
541 2672 617 2737 cibo,
634 2667 1000 2741 nemohospitiotectoque

154 2759 279 2817 iuvabit.
297 2760 364 2817 vid
388 2761 498 2815 Erasm.
517 2756 607 2833 Adag.
637 2755 712 2814 chit.
725 2759 761 2812 V.
780 2763 852 2808 cent.
873 2754 939 2818 vll,
962 2758 1003 2809 12.

155 2846 304 2971 oreliide
326 2916 412 2972 XXV.
429 2932 460 2971 v.
485 2920 510 2970 l.
528 2913 604 2968 lmit.
624 2914 696 2970 Hor.
715 2908 769 2965 0d.
789 2909 841 2973 ill,
863 2913 906 2972 25,
926 2911 950 2960 1.
973 2913 1003 2958 et

154 3003 198 3068 11,
220 3007 265 3067 19,
284 3008 311 3058 5.
330 3017 374 3072 sq.
394 3027 431 3040 -
463 3016 494 3055 v.
512 3005 538 3054 2.
559 3002 685 3054 Aonides
702 2997 730 3053 h.
749 3012 775 3049 e.
797 2994 913 3055 Musae3
938 3005 1003 3042 nam

157 3086 188 3139 in
206 3085 302 3140 Aonia
321 3102 375 3140 seu
390 3083 511 3139 Boeotia
527 3084 646 3138 Helicon
664 3097 746 3136 mons
764 3087 806 3133 est
822 3074 910 3130 Musis
923 3090 1004 3128 sacer

156 3183 187 3228 et
204 3171 274 3226 sons
292 3169 455 3244 Aganippe.
482 3167 629 3223 Aonidum
645 3183 719 3220 vero
738 3164 809 3218 deus
827 3169 870 3216 est
885 3159 1005 3232 Apollo,

154 3257 240 3311 euius
257 3265 356 3310 nater
373 3258 415 3321 (v.
444 3259 501 3311 10.)
518 3254 637 3307 Latona.
657 3279 689 3292 -
724 3267 751 3302 v.
775 3255 801 3305 1.
837 3251 915 3299 Evae
939 3243 1003 3314 (tri-

153 3339 313 3415 syllabum)
335 3337 395 3393 εὐοῖ
408 3337 578 3395 exclamatio
593 3333 810 3399 bacchantium
822 3329 860 3389 ci.
878 3333 950 3387 Hor.
966 3336 1000 3397 11,

778 3444 795 3496 2
