<?xml version="1.0" encoding="UTF-8"?>
<!DOCTYPE html PUBLIC "-//W3C//DTD XHTML 1.0 Transitional//EN"
    "http://www.w3.org/TR/xhtml1/DTD/xhtml1-transitional.dtd">
<html xmlns="http://www.w3.org/1999/xhtml" xml:lang="en" lang="en">
 <head>
  <title>
</title>
<meta http-equiv="Content-Type" content="text/html;charset=utf-8" />
  <meta name='ocr-system' content='tesseract 3.04.00' />
  <meta name='ocr-capabilities' content='ocr_page ocr_carea ocr_par ocr_line ocrx_word'/>
</head>
<body>
  <div class='ocr_page' id='page_1' title='image "./jacobibaldecarm00mlgoog_0219.png"; bbox 0 0 2600 4284; ppageno 0'>
   <div class='ocr_carea' id='block_1_1' title="bbox 362 564 1010 647">
    <p class='ocr_par' dir='ltr' id='par_1_1' title="bbox 362 564 1010 647">
     <span class='ocr_line' id='line_1_1' title="bbox 362 564 1010 647; baseline 0.035 -31"><span class='ocrx_word' id='word_1_1' title='bbox 362 566 534 637; x_wconf 79' lang='lat' dir='ltr'>Lyricorum</span> <span class='ocrx_word' id='word_1_2' title='bbox 551 564 616 622; x_wconf 77' lang='lat' dir='ltr'><strong>Lib.</strong></span> <span class='ocrx_word' id='word_1_3' title='bbox 635 569 682 623; x_wconf 83' lang='grc' dir='ltr'>ΙΙΙ.</span> <span class='ocrx_word' id='word_1_4' title='bbox 702 574 726 623; x_wconf 84' lang='grc'><strong>2.</strong></span> <span class='ocrx_word' id='word_1_5' title='bbox 746 575 770 627; x_wconf 87' lang='grc'><strong>3.</strong></span> <span class='ocrx_word' id='word_1_6' title='bbox 948 575 1010 647; x_wconf 82' lang='grc'><strong>195</strong></span> 
     </span>
    </p>
   </div>
   <div class='ocr_carea' id='block_1_2' title="bbox 245 744 896 821">
    <p class='ocr_par' dir='ltr' id='par_1_2' title="bbox 245 744 896 821">
     <span class='ocr_line' id='line_1_2' title="bbox 245 744 896 821; baseline 0.006 -14"><span class='ocrx_word' id='word_1_7' title='bbox 245 744 306 807; x_wconf 76' lang='lat' dir='ltr'><strong>Ad</strong></span> <span class='ocrx_word' id='word_1_8' title='bbox 331 746 382 809; x_wconf 82' lang='lat'><strong>1).</strong></span> <span class='ocrx_word' id='word_1_9' title='bbox 406 746 609 821; x_wconf 80' lang='lat' dir='ltr'><strong>vtrgtnem</strong></span> <span class='ocrx_word' id='word_1_10' title='bbox 629 746 896 811; x_wconf 76' lang='lat' dir='ltr'><strong>Aetalensem·</strong></span> 
     </span>
    </p>
   </div>
   <div class='ocr_carea' id='block_1_3' title="bbox 213 874 972 1016">
    <p class='ocr_par' dir='ltr' id='par_1_3' title="bbox 213 874 972 1016">
     <span class='ocr_line' id='line_1_3' title="bbox 213 874 920 951; baseline 0.01 -18"><span class='ocrx_word' id='word_1_11' title='bbox 213 884 279 935; x_wconf 72' lang='lat' dir='ltr'><strong>vum</strong></span> <span class='ocrx_word' id='word_1_12' title='bbox 296 897 333 935; x_wconf 73' lang='grc' dir='ltr'><strong>σω</strong></span> <span class='ocrx_word' id='word_1_13' title='bbox 353 885 448 948; x_wconf 60' lang='lat' dir='ltr'><strong><em>Tmoli</em></strong></span> <span class='ocrx_word' id='word_1_14' title='bbox 465 887 496 933; x_wconf 72' lang='lat' dir='ltr'><strong>in</strong></span> <span class='ocrx_word' id='word_1_15' title='bbox 512 885 669 935; x_wconf 77' lang='lat' dir='ltr'><strong>Bavarr‘am</strong></span> <span class='ocrx_word' id='word_1_16' title='bbox 687 874 834 951; x_wconf 67' lang='lat' dir='ltr'><strong>profectur</strong></span> <span class='ocrx_word' id='word_1_17' title='bbox 849 889 920 940; x_wconf 75' lang='lat' dir='ltr'><strong>illuc</strong></span> 
     </span>
     <span class='ocr_line' id='line_1_4' title="bbox 449 954 972 1016; baseline 0.011 -16"><span class='ocrx_word' id='word_1_18' title='bbox 449 954 679 1016; x_wconf 68' lang='lat' dir='ltr'><strong>praenotentur.</strong></span> <span class='ocrx_word' id='word_1_19' title='bbox 721 983 725 995; x_wconf 60' lang='grc' dir='ltr'>ι</span> <span class='ocrx_word' id='word_1_20' title='bbox 969 964 972 968; x_wconf 80' lang='grc'>’</span> 
     </span>
    </p>
   </div>
   <div class='ocr_carea' id='block_1_4' title="bbox 459 1075 670 1140">
    <p class='ocr_par' dir='ltr' id='par_1_4' title="bbox 459 1075 670 1140">
     <span class='ocr_line' id='line_1_5' title="bbox 459 1075 670 1140; baseline -0.009 0"><span class='ocrx_word' id='word_1_21' title='bbox 459 1075 589 1140; x_wconf 87' lang='lat' dir='ltr'><strong>ODE</strong></span> <span class='ocrx_word' id='word_1_22' title='bbox 630 1079 670 1138; x_wconf 87' lang='lat'><strong>11.</strong></span> 
     </span>
    </p>
   </div>
   <div class='ocr_carea' id='block_1_5' title="bbox 186 1216 1018 3124">
    <p class='ocr_par' dir='ltr' id='par_1_5' title="bbox 186 1216 1018 3124">
     <span class='ocr_line' id='line_1_6' title="bbox 188 1216 898 1324; baseline 0.013 -31"><span class='ocrx_word' id='word_1_23' title='bbox 188 1216 358 1297; x_wconf 78' lang='lat' dir='ltr'><strong>Montium</strong></span> <span class='ocrx_word' id='word_1_24' title='bbox 378 1256 513 1319; x_wconf 83' lang='lat' dir='ltr'>praeses</span> <span class='ocrx_word' id='word_1_25' title='bbox 535 1256 763 1322; x_wconf 81' lang='lat' dir='ltr'><strong>nemorumque</strong></span> <span class='ocrx_word' id='word_1_26' title='bbox 786 1230 898 1324; x_wconf 73' lang='lat' dir='ltr'><strong>virge,</strong></span> 
     </span>
     <span class='ocr_line' id='line_1_7' title="bbox 187 1330 801 1414; baseline 0.003 -17"><span class='ocrx_word' id='word_1_27' title='bbox 187 1334 280 1397; x_wconf 85' lang='lat' dir='ltr'><strong>Cuius</strong></span> <span class='ocrx_word' id='word_1_28' title='bbox 300 1334 431 1397; x_wconf 83' lang='lat' dir='ltr'><strong>Aetalae</strong></span> <span class='ocrx_word' id='word_1_29' title='bbox 454 1336 629 1399; x_wconf 85' lang='lat' dir='ltr'><strong>meminere</strong></span> <span class='ocrx_word' id='word_1_30' title='bbox 654 1338 764 1414; x_wconf 82' lang='lat' dir='ltr'><strong>valles,</strong></span> <span class='ocrx_word' id='word_1_31' title='bbox 798 1330 801 1336; x_wconf 65' lang='grc'>’</span> 
     </span>
     <span class='ocr_line' id='line_1_8' title="bbox 188 1435 845 1506; baseline 0.009 -6"><span class='ocrx_word' id='word_1_32' title='bbox 188 1439 268 1503; x_wconf 80' lang='lat' dir='ltr'><strong>Silva</strong></span> <span class='ocrx_word' id='word_1_33' title='bbox 287 1436 341 1500; x_wconf 87' lang='lat' dir='ltr'><strong>cui</strong></span> <span class='ocrx_word' id='word_1_34' title='bbox 363 1435 485 1498; x_wconf 87' lang='lat' dir='ltr'><strong>circum</strong></span> <span class='ocrx_word' id='word_1_35' title='bbox 507 1436 592 1499; x_wconf 83' lang='lat' dir='ltr'><strong>viret</strong></span> <span class='ocrx_word' id='word_1_36' title='bbox 618 1452 649 1500; x_wconf 89' lang='lat' dir='ltr'><strong>et</strong></span> <span class='ocrx_word' id='word_1_37' title='bbox 672 1442 845 1506; x_wconf 85' lang='lat' dir='ltr'><strong>comanteis</strong></span> 
     </span>
     <span class='ocr_line' id='line_1_9' title="bbox 429 1538 723 1621; baseline 0.01 -25"><span class='ocrx_word' id='word_1_38' title='bbox 429 1538 564 1621; x_wconf 84' lang='lat' dir='ltr'><strong>Imputat</strong></span> <span class='ocrx_word' id='word_1_39' title='bbox 584 1538 723 1614; x_wconf 86' lang='lat' dir='ltr'><strong>umbras,</strong></span> 
     </span>
     <span class='ocr_line' id='line_1_10' title="bbox 187 1635 1018 1738; baseline 0.002 -37"><span class='ocrx_word' id='word_1_40' title='bbox 187 1640 282 1738; x_wconf 80' lang='lat' dir='ltr'><strong>Quam</strong></span> <span class='ocrx_word' id='word_1_41' title='bbox 301 1653 390 1701; x_wconf 82' lang='lat' dir='ltr'><strong>tuam</strong></span> <span class='ocrx_word' id='word_1_42' title='bbox 409 1635 509 1701; x_wconf 86' lang='lat' dir='ltr'><strong>laetus</strong></span> <span class='ocrx_word' id='word_1_43' title='bbox 530 1638 686 1721; x_wconf 86' lang='lat' dir='ltr'><strong>propiore</strong></span> <span class='ocrx_word' id='word_1_44' title='bbox 707 1661 804 1723; x_wconf 79' lang='lat' dir='ltr'><strong>passu</strong></span> <span class='ocrx_word' id='word_1_45' title='bbox 1002 1673 1018 1722; x_wconf 87' lang='lat'>5</span> 
     </span>
     <span class='ocr_line' id='line_1_11' title="bbox 187 1740 781 1803; baseline 0.002 -2"><span class='ocrx_word' id='word_1_46' title='bbox 187 1742 311 1803; x_wconf 74' lang='lat' dir='ltr'><strong>Eurinus</strong></span> <span class='ocrx_word' id='word_1_47' title='bbox 334 1740 435 1802; x_wconf 79' lang='lat' dir='ltr'><strong>visam</strong></span> <span class='ocrx_word' id='word_1_48' title='bbox 455 1758 630 1801; x_wconf 79' lang='lat' dir='ltr'><strong>venerarer</strong></span> <span class='ocrx_word' id='word_1_49' title='bbox 651 1740 781 1803; x_wconf 82' lang='lat' dir='ltr'><strong>aedem!</strong></span> 
     </span>
     <span class='ocr_line' id='line_1_12' title="bbox 189 1836 859 1923; baseline 0.007 -20"><span class='ocrx_word' id='word_1_50' title='bbox 189 1841 247 1903; x_wconf 79' lang='lat' dir='ltr'><strong>sed</strong></span> <span class='ocrx_word' id='word_1_51' title='bbox 265 1842 337 1905; x_wconf 83' lang='lat' dir='ltr'><strong>viae</strong></span> <span class='ocrx_word' id='word_1_52' title='bbox 359 1836 496 1915; x_wconf 85' lang='lat' dir='ltr'><strong>tardant,</strong></span> <span class='ocrx_word' id='word_1_53' title='bbox 517 1860 621 1923; x_wconf 88' lang='lat' dir='ltr'><strong>neque</strong></span> <span class='ocrx_word' id='word_1_54' title='bbox 643 1842 748 1906; x_wconf 80' lang='lat' dir='ltr'><strong>lentus</strong></span> <span class='ocrx_word' id='word_1_55' title='bbox 772 1845 859 1909; x_wconf 82' lang='lat' dir='ltr'><strong>audit</strong></span> 
     </span>
     <span class='ocr_line' id='line_1_13' title="bbox 434 1940 731 2005; baseline 0 -2"><span class='ocrx_word' id='word_1_56' title='bbox 434 1943 558 2003; x_wconf 75' lang='lat' dir='ltr'><strong>Currus</strong></span> <span class='ocrx_word' id='word_1_57' title='bbox 580 1940 731 2005; x_wconf 80' lang='lat' dir='ltr'><strong>habenas.</strong></span> 
     </span>
     <span class='ocr_line' id='line_1_14' title="bbox 188 2040 830 2129; baseline 0 -25"><span class='ocrx_word' id='word_1_58' title='bbox 188 2044 277 2129; x_wconf 78' lang='lat' dir='ltr'><strong>Ergo,</strong></span> <span class='ocrx_word' id='word_1_59' title='bbox 299 2040 388 2127; x_wconf 83' lang='lat' dir='ltr'><strong>quod</strong></span> <span class='ocrx_word' id='word_1_60' title='bbox 410 2042 512 2103; x_wconf 83' lang='lat' dir='ltr'><strong>solnm</strong></span> <span class='ocrx_word' id='word_1_61' title='bbox 538 2056 686 2124; x_wconf 80' lang='lat' dir='ltr'><strong>superest</strong></span> <span class='ocrx_word' id='word_1_62' title='bbox 709 2044 830 2119; x_wconf 84' lang='lat' dir='ltr'><strong>amicis,</strong></span> 
     </span>
     <span class='ocr_line' id='line_1_15' title="bbox 189 2142 1017 2243; baseline 0 -38"><span class='ocrx_word' id='word_1_63' title='bbox 189 2146 268 2243; x_wconf 71' lang='lat' dir='ltr'><strong>Quos</strong></span> <span class='ocrx_word' id='word_1_64' title='bbox 289 2145 355 2206; x_wconf 86' lang='lat' dir='ltr'><strong>iter</strong></span> <span class='ocrx_word' id='word_1_65' title='bbox 377 2142 467 2225; x_wconf 81' lang='lat' dir='ltr'><strong>iungi</strong></span> <span class='ocrx_word' id='word_1_66' title='bbox 489 2155 591 2216; x_wconf 85' lang='lat' dir='ltr'><strong>vetat,</strong></span> <span class='ocrx_word' id='word_1_67' title='bbox 613 2163 632 2204; x_wconf 86' lang='grc' dir='ltr'>ο</span> <span class='ocrx_word' id='word_1_68' title='bbox 657 2158 689 2205; x_wconf 90' lang='lat' dir='ltr'><strong>et</strong></span> <span class='ocrx_word' id='word_1_69' title='bbox 711 2144 826 2205; x_wconf 77' lang='lat' dir='ltr'><strong>absens</strong></span> <span class='ocrx_word' id='word_1_70' title='bbox 984 2162 1017 2213; x_wconf 86' lang='lat'><strong>10</strong></span> 
     </span>
     <span class='ocr_line' id='line_1_16' title="bbox 188 2240 845 2332; baseline -0.002 -25"><span class='ocrx_word' id='word_1_71' title='bbox 188 2251 244 2309; x_wconf 76' lang='lat' dir='ltr'><strong>&#39;l&#39;er</strong></span> <span class='ocrx_word' id='word_1_72' title='bbox 264 2260 379 2332; x_wconf 85' lang='lat' dir='ltr'><strong>quater</strong></span> <span class='ocrx_word' id='word_1_73' title='bbox 398 2240 521 2326; x_wconf 82' lang='lat' dir='ltr'><strong>pulcris</strong></span> <span class='ocrx_word' id='word_1_74' title='bbox 544 2242 729 2304; x_wconf 84' lang='lat' dir='ltr'><strong>cumulanda</strong></span> <span class='ocrx_word' id='word_1_75' title='bbox 751 2246 845 2320; x_wconf 86' lang='lat' dir='ltr'><strong>votis,</strong></span> 
     </span>
     <span class='ocr_line' id='line_1_17' title="bbox 433 2342 758 2427; baseline 0.003 -22"><span class='ocrx_word' id='word_1_76' title='bbox 433 2342 487 2405; x_wconf 86' lang='lat' dir='ltr'><strong>Sic</strong></span> <span class='ocrx_word' id='word_1_77' title='bbox 510 2364 637 2427; x_wconf 91' lang='lat' dir='ltr'><strong>quoque</strong></span> <span class='ocrx_word' id='word_1_78' title='bbox 661 2345 758 2406; x_wconf 80' lang='lat' dir='ltr'><strong>salve.</strong></span> 
     </span>
     <span class='ocr_line' id='line_1_18' title="bbox 187 2444 889 2533; baseline 0 -24"><span class='ocrx_word' id='word_1_79' title='bbox 187 2452 232 2511; x_wconf 80' lang='lat' dir='ltr'><strong>Tu</strong></span> <span class='ocrx_word' id='word_1_80' title='bbox 252 2470 380 2533; x_wconf 88' lang='lat' dir='ltr'><strong>qnoque</strong></span> <span class='ocrx_word' id='word_1_81' title='bbox 403 2444 568 2529; x_wconf 83' lang='lat' dir='ltr'><strong>absentem</strong></span> <span class='ocrx_word' id='word_1_82' title='bbox 590 2444 701 2506; x_wconf 79' lang='lat' dir='ltr'><strong>iubeas</strong></span> <span class='ocrx_word' id='word_1_83' title='bbox 723 2448 841 2519; x_wconf 80' lang='lat' dir='ltr'><strong>valere,</strong></span> <span class='ocrx_word' id='word_1_84' title='bbox 881 2444 889 2482; x_wconf 70' lang='lat'><strong>&#39;¹</strong></span> 
     </span>
     <span class='ocr_line' id='line_1_19' title="bbox 186 2542 827 2635; baseline -0.003 -26"><span class='ocrx_word' id='word_1_85' title='bbox 186 2552 300 2612; x_wconf 75' lang='lat' dir='ltr'><strong>Mutuus</strong></span> <span class='ocrx_word' id='word_1_86' title='bbox 319 2564 354 2611; x_wconf 89' lang='lat' dir='ltr'><strong>ut</strong></span> <span class='ocrx_word' id='word_1_87' title='bbox 375 2547 449 2609; x_wconf 88' lang='lat' dir='ltr'><strong>dum</strong></span> <span class='ocrx_word' id='word_1_88' title='bbox 472 2542 580 2610; x_wconf 84' lang='lat' dir='ltr'><strong>damus</strong></span> <span class='ocrx_word' id='word_1_89' title='bbox 602 2561 695 2630; x_wconf 89' lang='lat' dir='ltr'><strong>atque</strong></span> <span class='ocrx_word' id='word_1_90' title='bbox 717 2548 827 2635; x_wconf 73' lang='lat' dir='ltr'><strong>rueris</strong></span> 
     </span>
     <span class='ocr_line' id='line_1_20' title="bbox 186 2648 1013 2730; baseline 0.004 -19"><span class='ocrx_word' id='word_1_91' title='bbox 186 2649 353 2712; x_wconf 83' lang='lat' dir='ltr'><strong>Reddimus</strong></span> <span class='ocrx_word' id='word_1_92' title='bbox 381 2668 490 2710; x_wconf 84' lang='lat' dir='ltr'><strong>sacrae</strong></span> <span class='ocrx_word' id='word_1_93' title='bbox 511 2650 572 2730; x_wconf 87' lang='lat' dir='ltr'><strong>pe&#39;r</strong></span> <span class='ocrx_word' id='word_1_94' title='bbox 596 2669 694 2730; x_wconf 89' lang='lat' dir='ltr'><strong>opaca</strong></span> <span class='ocrx_word' id='word_1_95' title='bbox 717 2648 816 2711; x_wconf 80' lang='lat' dir='ltr'><strong>silvae</strong></span> <span class='ocrx_word' id='word_1_96' title='bbox 966 2652 1013 2714; x_wconf 82' lang='lat'><strong>&#39;15</strong></span> 
     </span>
     <span class='ocr_line' id='line_1_21' title="bbox 382 2748 681 2811; baseline 0 -2"><span class='ocrx_word' id='word_1_97' title='bbox 382 2766 384 2773; x_wconf 78' lang='grc'>’</span> <span class='ocrx_word' id='word_1_98' title='bbox 428 2752 557 2811; x_wconf 87' lang='lat' dir='ltr'><strong>Insonet</strong></span> <span class='ocrx_word' id='word_1_99' title='bbox 577 2748 681 2811; x_wconf 80' lang='lat' dir='ltr'><strong>Eeho.</strong></span> 
     </span>
     <span class='ocr_line' id='line_1_22' title="bbox 298 2947 806 3024; baseline -0.006 -12"><span class='ocrx_word' id='word_1_100' title='bbox 298 2950 360 3012; x_wconf 79' lang='lat' dir='ltr'><strong>Ad</strong></span> <span class='ocrx_word' id='word_1_101' title='bbox 389 2950 580 3024; x_wconf 80' lang='lat' dir='ltr'><strong>Pyrrhum</strong></span> <span class='ocrx_word' id='word_1_102' title='bbox 602 2947 806 3011; x_wconf 78' lang='lat' dir='ltr'><strong>Fendtum·</strong></span> 
     </span>
     <span class='ocr_line' id='line_1_23' title="bbox 436 3059 664 3124; baseline -0.022 0"><span class='ocrx_word' id='word_1_103' title='bbox 436 3059 519 3124; x_wconf 89' lang='lat' dir='ltr'><strong>O.D</strong></span> <span class='ocrx_word' id='word_1_104' title='bbox 540 3060 568 3117; x_wconf 92' lang='lat' dir='ltr'><strong>E</strong></span> <span class='ocrx_word' id='word_1_105' title='bbox 612 3060 664 3119; x_wconf 90' lang='lat'><em>111.</em></span> 
     </span>
    </p>
   </div>
   <div class='ocr_carea' id='block_1_6' title="bbox 189 3172 963 3673">
    <p class='ocr_par' dir='ltr' id='par_1_6' title="bbox 189 3172 963 3578">
     <span class='ocr_line' id='line_1_24' title="bbox 189 3172 947 3272; baseline -0.007 -22"><span class='ocrx_word' id='word_1_106' title='bbox 189 3172 244 3251; x_wconf 80' lang='lat' dir='ltr'><strong>&#39;l&#39;e</strong></span> <span class='ocrx_word' id='word_1_107' title='bbox 264 3210 359 3251; x_wconf 88' lang='lat' dir='ltr'><strong>nemo</strong></span> <span class='ocrx_word' id='word_1_108' title='bbox 379 3188 477 3253; x_wconf 84' lang='lat' dir='ltr'><strong>rilem</strong></span> <span class='ocrx_word' id='word_1_109' title='bbox 498 3203 606 3251; x_wconf 79' lang='lat' dir='ltr'><strong>verset</strong></span> <span class='ocrx_word' id='word_1_110' title='bbox 625 3203 660 3251; x_wconf 91' lang='lat' dir='ltr'><strong>ut</strong></span> <span class='ocrx_word' id='word_1_111' title='bbox 679 3187 885 3272; x_wconf 81' lang='lat' dir='ltr'><strong>amphorem,</strong></span> <span class='ocrx_word' id='word_1_112' title='bbox 931 3188 947 3262; x_wconf 43' lang='grc' dir='ltr'>ᾗ</span> 
     </span>
     <span class='ocr_line' id='line_1_25' title="bbox 189 3288 963 3377; baseline 0 -27"><span class='ocrx_word' id='word_1_113' title='bbox 189 3288 359 3377; x_wconf 77' lang='lat' dir='ltr'><strong>Ansamque</strong></span> <span class='ocrx_word' id='word_1_114' title='bbox 382 3290 471 3353; x_wconf 91' lang='lat' dir='ltr'><strong>nullo</strong></span> <span class='ocrx_word' id='word_1_115' title='bbox 493 3290 629 3353; x_wconf 83' lang='lat' dir='ltr'><strong>erimine</strong></span> <span class='ocrx_word' id='word_1_116' title='bbox 649 3291 818 3373; x_wconf 82' lang='lat' dir='ltr'><strong>praebeas,-</strong></span> <span class='ocrx_word' id='word_1_117' title='bbox 918 3305 963 3357; x_wconf 59' lang='lat' dir='ltr'><strong>fr</strong></span> 
     </span>
     <span class='ocr_line' id='line_1_26' title="bbox 227 3387 899 3487; baseline -0.009 -34"><span class='ocrx_word' id='word_1_118' title='bbox 227 3391 303 3487; x_wconf 72' lang='lat' dir='ltr'><strong>Qua,</strong></span> <span class='ocrx_word' id='word_1_119' title='bbox 329 3392 466 3474; x_wconf 80' lang='lat' dir='ltr'><strong>Pyrrhe,</strong></span> <span class='ocrx_word' id='word_1_120' title='bbox 492 3391 671 3475; x_wconf 78' lang='lat' dir='ltr'><strong>deprensus</strong></span> <span class='ocrx_word' id='word_1_121' title='bbox 693 3406 754 3474; x_wconf 86' lang='lat' dir='ltr'><strong>per</strong></span> <span class='ocrx_word' id='word_1_122' title='bbox 774 3387 899 3455; x_wconf 67' lang='lat' dir='ltr'><strong>omneis</strong></span> 
     </span>
     <span class='ocr_line' id='line_1_27' title="bbox 264 3494 842 3578; baseline -0.014 -19"><span class='ocrx_word' id='word_1_123' title='bbox 264 3496 383 3559; x_wconf 89' lang='lat' dir='ltr'><strong>Fabula</strong></span> <span class='ocrx_word' id='word_1_124' title='bbox 407 3496 635 3578; x_wconf 76' lang='lat' dir='ltr'><strong>circumegeris</strong></span> <span class='ocrx_word' id='word_1_125' title='bbox 658 3494 777 3561; x_wconf 75' lang='lat' dir='ltr'><strong>aureisf.</strong></span> <span class='ocrx_word' id='word_1_126' title='bbox 839 3531 842 3537; x_wconf 78' lang='lat'><em>,</em></span> 
     </span>
    </p>

    <p class='ocr_par' dir='ltr' id='par_1_7' title="bbox 723 3621 774 3673">
     <span class='ocr_line' id='line_1_28' title="bbox 723 3621 774 3673; baseline 0 0"><span class='ocrx_word' id='word_1_127' title='bbox 723 3621 774 3673; x_wconf 82' lang='lat'><strong>1³·</strong></span> 
     </span>
    </p>
   </div>
   <div class='ocr_carea' id='block_1_7' title="bbox 0 0 1307 4284">
    <p class='ocr_par' dir='ltr' id='par_1_8' title="bbox 0 0 1307 4284">
     <span class='ocr_line' id='line_1_29' title="bbox 0 0 1307 4284; baseline 0 0"><span class='ocrx_word' id='word_1_128' title='bbox 0 0 1307 4284; x_wconf 95' lang='lat' dir='ltr'><strong> </strong></span> 
     </span>
    </p>
   </div>
  </div>
 </body>
</html>
