2600 4284
299 511 341 578 30
590 547 593 552 .
618 499 833 556 Annotstiones.

368 673 490 735 Odell.
525 680 606 741 Milo,
625 675 736 732 athleta
754 689 768 726 a
788 673 916 730 Crotona
934 670 964 722 in
979 668 1059 724 ltalia
1079 668 1155 721 infe·

301 765 401 830 riore,
420 763 511 818 sexies
522 761 747 834 Olympionices.
767 757 810 814 Cf.
828 756 914 812 Ovid.
926 752 999 811 Met.
1015 758 1156 820 livens,

303 881 335 894 -
354 858 411 907 vl.
427 856 554 905 Iuvenile
571 848 589 904 i.
606 865 630 904 e.
645 863 728 900 more
742 845 887 910 iuvenum,
900 852 1063 899 temere-
1081 859 1108 894 v.
1127 846 1155 896 3.

305 941 431 992 Tenuere
452 935 479 988 h.
501 953 525 989 e.
548 934 681 998 elevare,
709 948 768 1004 quo
791 946 876 983 sensu
893 945 961 984 usos
984 939 1030 982 est
1055 925 1157 981 verbo

303 1021 357 1078 hoc
376 1023 449 1078 Hor.
471 1017 526 1075 ot.
546 1021 593 1082 ill,
606 1025 636 1086 3,
648 1025 698 1075 72:
716 1017 817 1090 Magna
835 1013 927 1069 modis
937 1025 1064 1068 tenuare
1083 1025 1157 1084 par-

301 1109 354 1167 vis.
365 1134 401 1150 -
418 1125 447 1160 v.
458 1113 500 1163 12.
519 1109 643 1174 Llpneus
661 1102 681 1156 i.
700 1121 729 1177 q.
748 1101 870 1176 fragilis,
890 1098 1002 1156 debilis.
1016 1129 1053 1142 -
1070 1101 1154 1154 ull.

302 1199 368 1252 Meo
383 1198 554 1247 lettavoeat
567 1200 694 1256 taurum,
714 1203 839 1264 quocum
857 1185 1011 1261 pugnabat.
1022 1213 1058 1225 -
1071 1201 1100 1239 r.
1110 1191 1154 1240 15.

300 1283 555 1340 ladael'lmetlon
573 1276 593 1332 i.
614 1295 642 1350 q.
663 1275 780 1342 oriens,
801 1273 902 1329 Iberus
920 1289 994 1326 vero
1017 1269 1157 1325 occidens

300 1367 360 1422 Sol.
371 1396 402 1407 -
421 1384 448 1421 v.
460 1370 502 1421 18.
517 1368 658 1422 Antaeus.
670 1361 792 1417 Vulcani
807 1371 836 1416 et
845 1361 955 1415 Terrae
970 1356 1062 1422 iilius,
1075 1356 1157 1430 gigas

304 1453 417 1512 CLXIV
442 1449 555 1504 cubitos
579 1451 673 1513 altus,
702 1464 789 1522 quem
812 1445 970 1510 llercules,
996 1441 1082 1516 quod
1107 1454 1156 1497 ter

303 1547 467 1610 prostratus
493 1534 664 1590 surrexisset
684 1551 798 1608 semper
814 1532 922 1588 sortior
940 1533 1036 1586 Terra
1055 1539 1156 1583 matre

302 1623 380 1678 vires
395 1622 604 1696 suppeditante,
623 1619 774 1674 sublimem
794 1629 894 1673 tenens
919 1614 1038 1671 tandem
1064 1615 1157 1670 sollo·

302 1710 386 1768 savit.
412 1708 503 1763 Huius
522 1725 552 1763 se
569 1708 691 1762 fratrem
706 1723 759 1761 suo
772 1705 836 1759 iure
849 1703 1053 1759 dictantis).-
1069 1707 1155 1760 mlo.

301 1800 427 1851 Irrnnotls
444 1799 561 1862 perillus
578 1792 690 1847 stetisse
709 1809 747 1847 sc.
767 1791 796 1844 in
815 1789 893 1844 disco
912 1791 978 1844 oleo
996 1787 1094 1853 illito,
1122 1797 1156 1841 ut

301 1880 437 1942 traditur,
450 1879 555 1934 nullius
565 1879 676 1950 impetu
689 1875 886 1949 depellendus.
898 1911 930 1921 -
948 1894 975 1928 v.
984 1879 1027 1931 32.
1039 1879 1156 1930 Pomm

300 1984 339 2022 sc.
356 1965 505 2022 Punicum.
535 1964 690 2020 Pausanias
707 1967 740 2018 L.
755 1965 803 2020 Vl.
822 1962 915 2018 refert
932 1960 1073 2016 Milonem
1093 1963 1153 2015 Pu·

301 2049 398 2104 ninum
416 2049 522 2105 malum
543 2049 615 2104 adeo
633 2049 757 2103 firmiter
775 2067 862 2104 manu
882 2064 1049 2120 compressa
1068 2057 1153 2102 tenu-

302 2136 366 2201 isse,
377 2147 410 2190 ut
423 2152 528 2208 neque,
547 2136 723 2210 quioonatus
734 2145 816 2201 esset,
829 2143 1032 2207 extorqueret,
1052 2149 1153 2206 neque

303 2223 365 2296 ipse
384 2232 476 2277 tamen
494 2221 566 2276 illud
585 2223 715 2280 elideret.

371 2306 434 2361 Ode
452 2311 497 2362 111.
528 2327 555 2366 v.
573 2315 598 2367 7.
619 2315 673 2364 neo
689 2313 784 2378 finistis
803 2317 845 2363 est
863 2306 972 2380 insigne
985 2305 1150 2374 Bovarine3

302 2393 383 2448 albus
400 2410 473 2447 voro
494 2391 601 2448 dieitur
625 2413 707 2449 mons
734 2392 771 2448 ad
788 2395 909 2468 Pragam
933 2389 1040 2445 urbem
1067 2393 1151 2456 situs,

301 2495 389 2551 quem
407 2477 572 2532 insederant
590 2479 740 2535 hostes-
757 2498 785 2534 v.
798 2485 840 2536 20.
860 2483 1014 2533 Marsuam
1032 2483 1153 2534 Aemill-

305 2582 389 2619 omnn
406 2564 525 2619 honoris
542 2581 625 2619 eausa
652 2565 778 2638 appellat
795 2563 1019 2619 Maximilianum
1033 2565 1056 2620 Ι.
1072 2565 1151 2620 Elec·

303 2660 399 2704 torem
410 2649 557 2706 Bavariae.
581 2651 718 2707 Familiae
739 2651 811 2705 enim
824 2649 998 2706 Aemilianae
1012 2662 1099 2706 erant
1118 2651 1150 2706 Ρ.

301 2737 416 2793 Cornel.
444 2735 544 2808 Scipio
559 2734 711 2791 Africanus
733 2737 841 2803 maior,
872 2735 922 2808 qui
943 2734 1022 2789 bello
1040 2735 1152 2790 Punico

303 2819 433 2878 seeundo
451 2821 641 2878 llnunibalem
659 2822 737 2890 vicit,
757 2833 786 2876 et
802 2825 834 2878 P.
855 2821 943 2876 Corn.
961 2819 1061 2893 Scipio
1075 2819 1151 2875 Afri·

305 2926 392 2964 canus
413 2909 516 2976 minor,
535 2906 613 2963 illius
630 2925 730 2980 nepos,
750 2907 800 2981 qui
820 2905 1021 2980 Carthaginem
1040 2903 1152 2961 delevit

302 2994 382 3048 bello
400 2994 510 3050 Punico
526 2995 626 3050 tertio.
662 2993 870 3050 Maximilianus
897 2995 921 3054 Ι,
946 3001 1035 3064 eaput
1053 2991 1150 3066 Ligno,

103 3148 104 3155 ἵ
303 3089 391 3152 atque
409 3097 433 3138 a.
456 3083 523 3138 tots
541 3078 724 3135 Ferdiuando
744 3083 778 3134 11.
799 3083 868 3152 lmp.
885 3075 1006 3133 loedere
1025 3075 1149 3144 iunctus,

103 3186 104 3249 p
303 3180 362 3218 uua
380 3181 445 3219 eum
463 3162 560 3231 Tillio,
579 3165 628 3238 qui
646 3165 781 3231 Bavaros,
801 3175 830 3220 et
847 3163 1008 3238 Buequoio,
1028 3163 1081 3238 qui
1099 3161 1149 3216 tiu·

103 3256 104 3303 1
305 3248 389 3304 eebat
405 3249 555 3317 Austrios,
580 3251 611 3304 in
634 3259 730 3306 monte
754 3249 821 3305 albo
845 3249 880 3304 ad
901 3251 1024 3323 Pragam
1049 3247 1148 3305 Fride·

304 3331 398 3390 risum
413 3336 450 3401 V,
459 3335 623 3391 illectorem
636 3334 807 3406 Palatinum,
825 3337 877 3392 liae
888 3335 949 3408 ipsa
962 3333 1056 3390 hieme
1070 3351 1149 3390 eret·

186 3570 614 3910 mh
