2600 4284
260 540 303 608 24
572 542 670 596 iacobi
688 541 776 597 Baldo

302 715 349 774 Te
379 733 503 777 messor
524 729 564 790 et,
592 735 673 800 quae
694 731 782 779 cocta
805 715 916 791 aderit,
943 713 1059 778 Ceres

306 813 491 900 segnesque
513 815 631 878 nodum
654 820 780 883 solvere
804 817 916 880 rustici

341 917 523 999 Unctaeque
544 917 723 999 producent
745 919 906 990 lucernae,

383 1019 466 1076 Dum
490 1015 621 1078 rediens
642 1017 731 1102 fugat
753 1017 1028 1081 astra'Phoebos.

599 1175 753 1187 -μ--ο-ι-

414 1345 474 1406 Ao
494 1345 630 1408 Ltnum
651 1346 938 1410 Wtsonetttum.

254 1489 401 1564 lucturam
411 1495 578 1547 diuitiarum
588 1498 719 1560 ruptentt
728 1511 785 1549 non
796 1498 1008 1548 aestimandam
1022 1513 1112 1556 ecco.

554 1635 583 1697 Ο
603 1635 675 1696 DE
706 1631 790 1694 xtlt.

290 1776 335 1852 Si
360 1785 436 1867 quid
456 1785 651 1866 perdideris,
674 1806 750 1853 veto

381 1886 484 1967 Turpi
507 1907 576 1947 cum
599 1889 718 1971 gemitu
739 1889 849 1954 dicere
871 1894 1027 1978 Perdidi3

293 1989 366 2064 Sed,
390 1990 529 2049 Fortuna
557 2010 626 2050 suas
649 2013 724 2054 aves

299 2129 305 2140 .
376 2090 493 2162 Noctu,
520 2089 629 2151 nescio
653 2112 727 2173 quo,
749 2095 924 2158 transtulit:
952 2097 1112 2167 avolent.

290 2195 358 2254 Nec
380 2202 536 2250 moestum
559 2188 634 2252 facit
653 2190 732 2254 haec
752 2192 837 2279 lugo,
941 2238 946 2253 .
1139 2212 1162 2262 5

380 2293 457 2361 Nec,
483 2287 511 2350 si
532 2288 663 2352 divitiae
685 2314 758 2356 mox
779 2297 1004 2376 revelaverint,

289 2393 431 2455 Inventis
453 2411 510 2452 ero
531 2392 665 2470 laetior3

374 2495 503 2573 Iamque
511 2493 615 2576 ipsum
624 2492 770 2554 abiiciam
779 2515 849 2557 com
857 2506 1108 2588 gregeperfido

291 2593 406 2655 Nidum
430 2590 601 2674 degeneris
625 2596 705 2678 spei.

377 2694 508 2753 Frustra
519 2707 567 2754 est
576 2695 676 2778 ampla
685 2693 806 2772 domus,
816 2697 843 2759 si
855 2700 1091 2783 capitiscolam
1106 2723 1156 2778 10

208 2797 210 2802 '
292 2797 407 2857 Totum
432 2792 566 2876 quilibet
589 2796 730 2878 angulus.

377 2896 468 2956 Haec
491 2895 595 2968 tellus,
619 2897 674 2958 ubi
701 2912 758 2980 sto,
780 2899 949 2964 subiicitur
971 2903 1072 2982 milti,

294 2998 365 3055 Non
388 3016 479 3076 quam
502 2995 629 3057 nomine
653 2998 769 3059 metior

377 3093 503 3156 Absens
529 3097 581 3160 vel
602 3095 710 3180 digitis
733 3098 857 3162 eminus
879 3102 997 3166 indico.

292 3196 445 3258 Curarum
469 3196 634 3278 impatiens
656 3219 726 3262 casn
1099 3224 1146 3278 15

377 3295 573 3379 Virtutisque
597 3319 704 3380 capax,
730 3301 846 3386 exiguo
867 3306 941 3370 licet
