2600 4284
257 507 320 578 w
583 500 792 562 mersura

255 683 329 764 lpse
347 677 454 753 edim,
478 695 539 740 oea
559 696 595 740 se
616 675 698 742 sciat
718 675 858 742 evasisse
880 675 1065 761 periclum,

297 783 446 842 Laetatur
466 777 582 862 ingens
602 779 766 854 Parvulos,

256 883 299 944 Et
315 880 412 944 micat
433 892 467 941 st
480 883 617 943 Manem
633 882 719 946 iuvat
741 896 774 944 et
787 877 964 946 connititur
981 880 1084 944 ultra
1124 887 1157 940 ⁵⁵

299 985 401 1046 Gesta
422 978 607 1065 triumphali
628 981 739 1048 ferox:

256 1083 518 1168 Sanguineasque
539 1081 630 1146 iubas
653 1096 684 1146 ot
704 1083 824 1148 ahenas
844 1085 985 1148 verbera
1005 1105 1122 1169 aqua·

297 1273 340 1333 Et
359 1291 438 1335 vana
462 1268 585 1353 spernit
607 1267 712 1334 sibila.
760 1323 763 1332 ,
880 1205 951 1249 ΜΘ

254 1377 405 1458 Desuper
424 1370 621 1454 armipotens
643 1369 765 1434 Genius
787 1391 914 1456 quoque
930 1370 1098 1436 fulminat

882 1471 1027 1554 Hydram

295 1561 399 1622 Ferro
422 1571 589 1621 nocentem
612 1553 770 1620 flammeo.
1116 1577 1152 1630 6⁰

252 1663 447 1727 Detruncata
461 1660 562 1726 vomit
580 1659 700 1721 saniem
715 1672 808 1744 atque
825 1657 974 1724 irascitur
987 1659 1085 1726 hosti

296 1769 431 1849 Ipsaque
454 1762 487 1823 in
510 1761 557 1823 ira
579 1759 745 1844 supplicat.

253 1865 317 1932 Sed
341 1864 447 1930 varios
462 1863 593 1925 maculis
606 1861 725 1925 frustra
740 1875 908 1947 torquetur
928 1862 964 1924 in
983 1863 1106 1928 orbeis

295 1964 458 2048 Virusque
481 1977 605 2047 spumat
623 1962 765 2027 lividum.

251 2071 409 2134 Personat
430 2066 553 2129 interea
576 2078 643 2128 toto
667 2063 811 2129 Victoria
834 2066 925 2129 coelo
1101 2095 1138 2150 ⁶5

295 2167 481 2252 sternitque
503 2165 617 2250 palmis
640 2166 780 2230 semitas.

251 2275 292 2336 Ut
313 2269 391 2346 vidi,
414 2285 452 2334 ut
471 2270 593 2353 stupui3
619 2281 653 2331 ut
675 2287 726 2328 me
744 2267 910 2332 metuenda
932 2269 1084 2356 voluptas

293 2376 443 2436 Horrore
465 2391 557 2433 sacro
575 2367 724 2452 perculit,

251 2476 283 2540 0
304 2476 386 2550 Dea,
410 2472 556 2536 dicebam
579 2470 799 2556 (nequeenim
815 2471 958 2535 mortalia
977 2493 1081 2539 cerno

292 2574 450 2655 Mortalis)
472 2596 491 2638 o
514 2587 602 2637 certe
623 2571 711 2634 Dea!
1097 2595 1129 2648 7⁰

250 2679 281 2743 0
295 2697 501 2762 quaecunque
513 2676 620 2762 lugam
634 2695 695 2758 per
710 2673 842 2739 candida
857 2673 965 2740 nubila
985 2681 1096 2766 carpis

294 2781 489 2863 Sontemque
511 2777 613 2841 calcas
635 2777 783 2854 belluam,

251 2879 287 2944 si
307 2901 372 2944 non
393 2878 540 2956 deludor,
562 2878 702 2942 minimis
725 2879 753 2941 si
774 2879 897 2944 vatibus
919 2902 991 2946 esse

291 2982 446 3066 Dignaris
470 2981 684 3064 aspectabilis,

248 3084 437 3168 Daquoque
446 3083 618 3146 clarameis
633 3082 735 3145 oculis
748 3099 779 3148 te
789 3085 872 3149 Diva
886 3085 1069 3167 videndam,
1091 3101 1123 3156 75

289 3187 330 3247 Ut
351 3198 457 3247 mente
479 3203 563 3248 nuuc
584 3186 769 3268 permotior.

248 3283 376 3346 audiit:
399 3299 431 3356 et
452 3285 541 3349 laeva
563 3283 604 3348 de
625 3299 717 3368 parte
740 3286 885 3353 rubentis
908 3289 1037 3374 Olympi

288 3383 430 3444 Amoena
451 3382 553 3445 nubes
576 3383 719 3466 intonat3
