2600 4284
288 525 329 596 30
604 519 704 578 Jaeohi
719 517 807 572 Baldo

328 697 454 759 Aestate
475 694 579 779 prima
600 692 725 778 quaerit
740 711 922 772 ¹amaracum

328 801 493 880 Roeasque
516 793 641 857 ssanteis
664 813 700 856 ao
723 788 861 877 zephyri
883 810 1026 867 erocum,

371 901 413 960 Ut
434 896 592 976 delibutas
612 915 689 959 rore
710 892 811 958 ssavo·
876 921 885 974 ῃ

414 997 517 1080 Stipet
538 996 605 1080 epis
627 994 770 1059 reditura
791 993 897 1061 cellae.

329 1153 415 1214 Hine
434 1150 490 1211 ille
513 1149 605 1212 libris
627 1147 729 1211 dulcis
750 1148 833 1211 inest
854 1146 996 1226 thymus3

328 1254 414 1316 Hinc
434 1266 482 1314 tot
501 1250 657 1334 replentis
678 1248 809 1333 pocula,
833 1267 928 1332 quem
948 1261 1021 1310 tuae

370 1358 489 1418 Favum
507 1351 722 1437 propinavere
741 1367 876 1432 pennae,

412 1455 571 1538 Virgineo
591 1449 678 1516 bibit
700 1469 758 1540 ore
781 1430 903 1510 charta'

330 1607 485 1691 Sitimque
504 1604 609 1688 plenis
633 1600 726 1686 copia
746 1599 872 1684 paginis

328 1709 470 1770 Extinxit
490 1706 580 1770 orbiu
618 1703 701 1800 Quis
722 1684 832 1784 potior
855 1698 937 1762 viam

369 1809 506 1875 Virtutis
528 1821 750 1892 astrorumque
772 1799 861 1889 plebi

411 1914 591 1994 Purpureas
615 1903 744 1988 aperire
767 1899 894 1964 volvas?

329 2065 469 2126 Mulcent
489 2075 656 2146 paventem
684 2076 750 2118 non
772 2050 859 2116 soliti
879 2064 992 2123 metus,

331 2165 357 2226 F
358 2165 571 2227 ormidolosoe
589 2181 685 2246 quum
698 2155 806 2220 sonitu
823 2151 916 2214 tubae

371 2267 553 2328 Aeterna
573 2259 724 2346 profers3
761 2254 801 2318 ad
822 2272 970 2316 susurros

414 2368 501 2428 Lene
523 2363 587 2426 Dei
607 2357 769 2444 trepidare
791 2374 893 2440 prona

330 2539 404 2597 Mox
426 2533 530 2596 omnis
551 2545 637 2594 aetus
660 2527 798 2600 subsilit,
818 2539 851 2586 et
868 2523 962 2588 dolos

330 2638 488 2697 Fortunae
511 2647 543 2696 et
564 2633 643 2694 altae
666 2629 792 2712 fulgura
814 2624 936 2710 gloriae
958 2636 991 2684 et

371 2737 481 2798 Famae
505 2734 627 2796 tonitru
649 2745 682 2794 et
703 2729 824 2793 fulmen
847 2727 917 2788 irae

415 2837 455 2898 Et
475 2835 597 2917 pluvias
617 2832 702 2917 pede
725 2831 823 2894 caleat
841 2825 967 2900 hastas3

331 3008 504 3087 Fatumque
527 3022 697 3086 casumque
731 3013 765 3061 et
784 2995 958 3060 retinacula

331 3106 464 3171 Molesta
486 3125 632 3166 curarum
655 3117 687 3165 et
707 3097 820 3161 dubias
841 3097 930 3162 vices
999 3132 1003 3139 ·

373 3209 581 3280 Transvecta‚
607 3225 668 3288 qua
688 3203 750 3263 inte
769 3207 906 3262 corusco

416 3305 606 3390 Strophium
629 3300 802 3387 equitantis
823 3300 928 3382 igneis
1037 3348 1042 3360 .
