2600 4284
378 506 554 577 Lyricorum¹
565 506 630 561 Lib.
647 510 696 567 lv.
714 516 755 569 25.
768 515 811 567 26.
971 520 1033 592 355

206 676 307 739 Possis
328 693 361 741 et
382 680 438 745 alti
452 680 580 765 fulgure
602 681 776 767 sauguinis,

208 770 332 843 Virtute¹
347 783 448 859 matis
473 784 626 847 Ascanius
647 784 727 845 cani.

242 881 293 944 Sic
316 884 390 957 itur,
413 909 432 949 o
455 887 622 969 Princeps,
646 884 687 949 ud
706 900 798 963 astra,

280 986 341 1047 Dis
364 988 473 1069 genite
489 1003 530 1061 ,et
549 990 698 1073 geniture
721 988 833 1051 Divos.
999 998 1032 1051 lo

407 1148 468 1208 An
489 1146 550 1207 lo·
569 1146 767 1210 Atnttlam.

449 1247 571 1297 Virtutis
595 1243 709 1297 Genios.

435 1315 516 1393 o'n
540 1332 568 1390 u
602 1328 717 1394 xxvr.

201 1414 324 1493 virtus
347 1430 492 1510 aetherei
512 1429 640 1494 conscia
663 1429 826 1515 sanguinis

200 1533 435 1617 Astrorumque
457 1554 552 1596 soror
573 1553 638 1593 non
658 1547 748 1609 amnt,
775 1534 899 1614 Albula,

242 1638 330 1698 luter
352 1655 485 1713 serpere
508 1632 625 1719 fungos

283 1740 325 1800 Et
346 1736 482 1800 declivia
505 1736 650 1800 vallium:
715 1734 718 1739 “

202 1870 340 1953 Semper
362 1892 481 1933 summa
500 1869 600 1953 petit3
625 1890 689 1955 quo
710 1891 815 1957 neque
837 1875 968 1939 nubium
1018 1892 1035 1943 5

198 1974 333 2035 Nautam
354 1972 504 2035 Romulei
527 1969 759 2056 flammigerum
780 1976 865 2041 lovis

243 2073 347 2137 Pleno
370 2073 493 2136 concita
516 2088 611 2135 vento

288 2175 460 2238 Transfert
474 2196 586 2259 penna
614 2174 792 2240 satellitem.

200 2307 290 2370 lilius
310 2307 404 2370 labor
426 2320 474 2368 est
495 2304 605 2368 nobile
627 2306 788 2389 pabulum,

202 2404 349 2472 declinis
371 2409 490 2491 clypeo,
504 2408 684 2492 porrigitur
708 2408 799 2493 quies
1005 2429 1036 2485 10

245 2509 468 2593 Accenditque
489 2532 647 2593 soporem.

287 2614 372 2675 Belli
395 2610 486 2673 dulce
508 2612 698 2695 periculum.

201 2749 266 2808 lum
286 2764 359 2807 cum
381 2742 519 2806 sidereis
540 2744 604 2807 otia
625 2742 791 2815 fratribus,

203 2852 269 2911 lam
290 2865 363 2909 cum
386 2844 574 2906 fulminibus
596 2844 722 2929 proelia
742 2842 857 2907 dividit

247 2946 452 3031 [australique
473 2947 625 3009 Tonantis
826 2950 828 2955 ’
1005 2963 1036 3016 15

294 3050 401 3113 Gestit
421 3047 574 3133 sulphure
595 3047 753 3131 spargier.

206 3184 310 3266 Supra
330 3167 395 3243 fata
417 3201 514 3263 rapax
534 3178 650 3242 tollere
673 3200 708 3241 se
731 3178 837 3240 domat

205 3274 371 3349 Formdsis
394 3282 548 3344 humilem
570 3280 628 3342 sub
649 3278 788 3365 pedibus
811 3295 942 3349 metum.

249 3386 285 3450 Si
305 3388 445 3448 Fortuna
467 3382 602 3459 lacessit,
965 3377 968 3387 '

291 3478 445 3551 Constans
458 3482 615 3550 ⁸adiicitur
636 3478 709 3549 sibi}
746 3572 799 3625 w
1006 3498 1040 3550 20
