2600 4284
397 538 574 610 Lyricorum
591 540 655 597 Lib.
673 542 708 594 n.
728 548 754 601 6.

199 708 283 806 Quod
302 712 520 773 turbulentum
539 714 690 789 senseris,
714 714 841 780 edoma:

197 816 321 877 Menteis
341 814 465 875 hiulcas
482 814 585 897 gloria
607 815 756 892 transilit,

233 916 362 979 Fastidit
381 917 470 977 imas.
507 914 588 980 Vive
610 915 689 977 nulli

267 1016 435 1100 Asperi0r‚
457 1016 517 1077 tibi
537 1016 635 1079 durus
657 1017 721 1082 uni,

200 1194 240 1256 Sit
257 1218 366 1280 magna
387 1196 491 1259 famae
514 1218 600 1274 cura,
628 1199 780 1281 supercili

201 1296 241 1358 Sit
259 1300 357 1360 nulla:
379 1298 497 1361 fastum
517 1298 672 1382 palpebra
691 1299 821 1363 neseiat.
890 1302 893 1312 ⁴

235 1401 397 1482 Utcunque
420 1420 489 1460 sors
508 1398 654 1461 mutanda
673 1398 763 1475 ludit,

269 1505 341 1562 Non
361 1498 472 1580 cupias
493 1500 649 1561 cecidisse
673 1520 800 1583 semper

198 1681 240 1743 Ad
258 1697 329 1746 vota
351 1682 443 1743 telos.
487 1683 643 1763 Purpura,
669 1702 763 1765 quam
784 1682 882 1766 geria,

196 1788 281 1846 llutat
301 1782 442 1846 colores.
488 1780 601 1843 Sidera
622 1802 708 1842 uuuc
727 1783 853 1855 micent,

229 1888 316 1946 Nunc
337 1883 425 1943 nube
444 1880 584 1943 subiecta
602 1895 761 1964 teguntur,

263 1989 397 2068 Perque
420 1984 508 2047 vices
523 1982 664 2047 varietur
684 2004 792 2045 annus.

192 2164 358 2229 Felicitatis
379 2185 454 2246 pars
474 2180 550 2247 puto
571 2164 703 2227 maxima
724 2180 772 2228 est

192 2266 340 2328 Felicitati
361 2264 464 2326 fidere
486 2264 623 2347 parcius.

224 2368 287 2463 Qui
307 2388 376 2429 non
395 2368 496 2429 latens
517 2368 619 2429 latere
639 2369 756 2441 mallet,

259 2473 318 2533 Ille
339 2481 448 2553 potest
469 2467 610 2550 sapuisse
628 2466 704 2530 dici.

189 2650 312 2715 Nescis?
333 2650 371 2710 in
391 2649 461 2711 aula
482 2663 553 2709 sunt
572 2648 670 2711 vitrei
690 2648 821 2733 gradus:

190 2752 319 2814 scandes
339 2752 493 2813 deorsum
515 2752 662 2815 crebrius
683 2765 716 2813 et
736 2752 830 2815 cadet

221 2857 354 2917 Sursum
374 2852 608 2937 repentinoque
630 2866 735 2917 terrae

260 2960 370 3039 Terga
391 2953 481 3016 dabis
502 2952 653 3036 resupina
669 2970 765 3046 metu.

189 3131 243 3194 Sed
256 3134 463 3218 temetipsum
485 3135 617 3220 dispice,
642 3150 767 3198 caetera
826 3137 829 3141 ’

188 3236 332 3297 Permitte
354 3234 444 3297 fetis:
466 3234 554 3299 rodit
576 3234 698 3299 inutilis

223 3336 442 3399 Exulceratum
464 3356 539 3399 cura
560 3350 672 3419 pectus

262 3441 367 3524 Seque
391 3440 483 3503 dolor
505 3441 641 3503 cumulat
661 3436 809 3499 dolendo.

764 3538 779 3586 7
