<?xml version="1.0" encoding="UTF-8"?>
<!DOCTYPE html PUBLIC "-//W3C//DTD XHTML 1.0 Transitional//EN"
    "http://www.w3.org/TR/xhtml1/DTD/xhtml1-transitional.dtd">
<html xmlns="http://www.w3.org/1999/xhtml" xml:lang="en" lang="en">
 <head>
  <title>
</title>
<meta http-equiv="Content-Type" content="text/html;charset=utf-8" />
  <meta name='ocr-system' content='tesseract 3.04.00' />
  <meta name='ocr-capabilities' content='ocr_page ocr_carea ocr_par ocr_line ocrx_word'/>
</head>
<body>
  <div class='ocr_page' id='page_1' title='image "./jacobibaldecarm00mlgoog_0621.png"; bbox 0 0 2600 4284; ppageno 0'>
   <div class='ocr_carea' id='block_1_1' title="bbox 537 554 984 627">
    <p class='ocr_par' dir='ltr' id='par_1_1' title="bbox 537 554 984 627">
     <span class='ocr_line' id='line_1_1' title="bbox 537 554 984 627; baseline 0.004 -2"><span class='ocrx_word' id='word_1_1' title='bbox 537 554 613 611; x_wconf 69' lang='lat' dir='ltr'><strong>vu.</strong></span> <span class='ocrx_word' id='word_1_2' title='bbox 926 556 984 627; x_wconf 84' lang='lat'><strong>131</strong></span> 
     </span>
    </p>
   </div>
   <div class='ocr_carea' id='block_1_2' title="bbox 139 723 991 3621">
    <p class='ocr_par' dir='ltr' id='par_1_2' title="bbox 139 723 991 3621">
     <span class='ocr_line' id='line_1_2' title="bbox 146 723 989 801; baseline -0.002 -17"><span class='ocrx_word' id='word_1_3' title='bbox 146 731 301 801; x_wconf 80' lang='lat' dir='ltr'><strong>lacrymae,</strong></span> <span class='ocrx_word' id='word_1_4' title='bbox 322 744 388 781; x_wconf 86' lang='lat' dir='ltr'><strong>oum</strong></span> <span class='ocrx_word' id='word_1_5' title='bbox 399 736 590 800; x_wconf 73' lang='lat' dir='ltr'><strong>spectaretur,</strong></span> <span class='ocrx_word' id='word_1_6' title='bbox 611 736 720 800; x_wconf 86' lang='lat' dir='ltr'><strong>septem</strong></span> <span class='ocrx_word' id='word_1_7' title='bbox 734 726 851 783; x_wconf 87' lang='lat' dir='ltr'><strong>omuino</strong></span> <span class='ocrx_word' id='word_1_8' title='bbox 864 723 945 781; x_wconf 87' lang='lat' dir='ltr'><strong>horis</strong></span> <span class='ocrx_word' id='word_1_9' title='bbox 959 734 989 782; x_wconf 84' lang='lat' dir='ltr'><strong>et</strong></span> 
     </span>
     <span class='ocr_line' id='line_1_3' title="bbox 145 811 969 886; baseline 0.001 -19"><span class='ocrx_word' id='word_1_10' title='bbox 145 824 227 869; x_wconf 89' lang='lat' dir='ltr'><strong>motu</strong></span> <span class='ocrx_word' id='word_1_11' title='bbox 244 823 274 868; x_wconf 90' lang='lat' dir='ltr'><strong>et</strong></span> <span class='ocrx_word' id='word_1_12' title='bbox 292 821 377 886; x_wconf 80' lang='lat' dir='ltr'><strong>gustu</strong></span> <span class='ocrx_word' id='word_1_13' title='bbox 391 812 553 868; x_wconf 89' lang='lat' dir='ltr'><strong>auditorum</strong></span> <span class='ocrx_word' id='word_1_14' title='bbox 572 814 631 868; x_wconf 84' lang='lat' dir='ltr'><strong>sine</strong></span> <span class='ocrx_word' id='word_1_15' title='bbox 647 811 763 867; x_wconf 86' lang='lat' dir='ltr'><strong>fastidio</strong></span> <span class='ocrx_word' id='word_1_16' title='bbox 779 812 969 884; x_wconf 80' lang='lat' dir='ltr'><strong>perdurante.</strong></span> 
     </span>
     <span class='ocr_line' id='line_1_4' title="bbox 216 896 990 972; baseline -0.005 -17"><span class='ocrx_word' id='word_1_17' title='bbox 216 902 319 972; x_wconf 81' lang='lat' dir='ltr'>Neque</span> <span class='ocrx_word' id='word_1_18' title='bbox 336 898 479 953; x_wconf 88' lang='lat' dir='ltr'><strong>tamenin</strong></span> <span class='ocrx_word' id='word_1_19' title='bbox 497 900 552 953; x_wconf 86' lang='lat' dir='ltr'><strong>hoe</strong></span> <span class='ocrx_word' id='word_1_20' title='bbox 569 896 658 953; x_wconf 83' lang='lat' dir='ltr'><strong>officii</strong></span> <span class='ocrx_word' id='word_1_21' title='bbox 676 914 781 971; x_wconf 80' lang='lat' dir='ltr'>genere</span> <span class='ocrx_word' id='word_1_22' title='bbox 800 901 893 954; x_wconf 87' lang='lat' dir='ltr'><strong>solum</strong></span> <span class='ocrx_word' id='word_1_23' title='bbox 911 908 990 954; x_wconf 85' lang='lat' dir='ltr'><strong>tenta</strong></span> 
     </span>
     <span class='ocr_line' id='line_1_5' title="bbox 148 983 990 1041; baseline 0 -2"><span class='ocrx_word' id='word_1_24' title='bbox 148 1004 213 1041; x_wconf 91' lang='lat' dir='ltr'><strong>cum</strong></span> <span class='ocrx_word' id='word_1_25' title='bbox 231 983 318 1039; x_wconf 88' lang='lat' dir='ltr'><strong>laude</strong></span> <span class='ocrx_word' id='word_1_26' title='bbox 334 992 468 1038; x_wconf 83' lang='lat' dir='ltr'><strong>versatus</strong></span> <span class='ocrx_word' id='word_1_27' title='bbox 486 994 537 1041; x_wconf 85' lang='lat' dir='ltr'><strong>est.</strong></span> <span class='ocrx_word' id='word_1_28' title='bbox 568 986 602 1039; x_wconf 91' lang='lat' dir='ltr'><strong>in</strong></span> <span class='ocrx_word' id='word_1_29' title='bbox 627 984 735 1039; x_wconf 83' lang='lat' dir='ltr'><strong>exedra</strong></span> <span class='ocrx_word' id='word_1_30' title='bbox 755 986 839 1038; x_wconf 89' lang='lat' dir='ltr'><strong>etiam</strong></span> <span class='ocrx_word' id='word_1_31' title='bbox 858 984 990 1039; x_wconf 82' lang='lat' dir='ltr'><strong>ecelesia·</strong></span> 
     </span>
     <span class='ocr_line' id='line_1_6' title="bbox 147 1066 988 1143; baseline -0.004 -15"><span class='ocrx_word' id='word_1_32' title='bbox 147 1074 218 1128; x_wconf 86' lang='lat' dir='ltr'><strong>stica</strong></span> <span class='ocrx_word' id='word_1_33' title='bbox 236 1071 315 1125; x_wconf 85' lang='lat' dir='ltr'><strong>annis</strong></span> <span class='ocrx_word' id='word_1_34' title='bbox 334 1070 446 1143; x_wconf 75' lang='lat' dir='ltr'><strong>aliquot</strong></span> <span class='ocrx_word' id='word_1_35' title='bbox 462 1078 564 1142; x_wconf 86' lang='lat' dir='ltr'><strong>potens</strong></span> <span class='ocrx_word' id='word_1_36' title='bbox 583 1078 686 1125; x_wconf 87' lang='lat' dir='ltr'><strong>orator</strong></span> <span class='ocrx_word' id='word_1_37' title='bbox 704 1068 739 1123; x_wconf 87' lang='lat' dir='ltr'><strong>ad</strong></span> <span class='ocrx_word' id='word_1_38' title='bbox 755 1079 890 1142; x_wconf 89' lang='lat' dir='ltr'><strong>potentes</strong></span> <span class='ocrx_word' id='word_1_39' title='bbox 909 1066 988 1125; x_wconf 83' lang='lat' dir='ltr'><strong>dixit.</strong></span> 
     </span>
     <span class='ocr_line' id='line_1_7' title="bbox 145 1153 990 1215; baseline 0.002 -5"><span class='ocrx_word' id='word_1_40' title='bbox 145 1156 269 1215; x_wconf 82' lang='lat' dir='ltr'>Biennio</span> <span class='ocrx_word' id='word_1_41' title='bbox 285 1155 439 1209; x_wconf 78' lang='lat' dir='ltr'><strong>admodum</strong></span> <span class='ocrx_word' id='word_1_42' title='bbox 458 1153 494 1207; x_wconf 86' lang='lat' dir='ltr'><strong>ad</strong></span> <span class='ocrx_word' id='word_1_43' title='bbox 509 1154 735 1210; x_wconf 82' lang='lat' dir='ltr'><strong>Maximilianum</strong></span> <span class='ocrx_word' id='word_1_44' title='bbox 750 1161 770 1210; x_wconf 93' lang='grc'><strong>1.</strong></span> <span class='ocrx_word' id='word_1_45' title='bbox 784 1158 920 1212; x_wconf 83' lang='lat' dir='ltr'><strong>Bavariae</strong></span> <span class='ocrx_word' id='word_1_46' title='bbox 931 1160 990 1212; x_wconf 83' lang='lat' dir='ltr'><strong>Du·</strong></span> 
     </span>
     <span class='ocr_line' id='line_1_8' title="bbox 146 1239 991 1313; baseline 0.002 -16"><span class='ocrx_word' id='word_1_47' title='bbox 146 1260 210 1297; x_wconf 81' lang='lat' dir='ltr'><strong>cem</strong></span> <span class='ocrx_word' id='word_1_48' title='bbox 234 1253 263 1297; x_wconf 85' lang='lat' dir='ltr'><strong>et</strong></span> <span class='ocrx_word' id='word_1_49' title='bbox 279 1242 442 1297; x_wconf 88' lang='lat' dir='ltr'><strong>Eleetorem</strong></span> <span class='ocrx_word' id='word_1_50' title='bbox 469 1239 591 1313; x_wconf 86' lang='lat' dir='ltr'><strong>eiusque</strong></span> <span class='ocrx_word' id='word_1_51' title='bbox 619 1241 713 1295; x_wconf 83' lang='lat' dir='ltr'><strong>aulam</strong></span> <span class='ocrx_word' id='word_1_52' title='bbox 730 1243 884 1300; x_wconf 81' lang='lat' dir='ltr'><strong>Monaehii.</strong></span> <span class='ocrx_word' id='word_1_53' title='bbox 920 1244 991 1299; x_wconf 85' lang='lat' dir='ltr'><strong>lude</strong></span> 
     </span>
     <span class='ocr_line' id='line_1_9' title="bbox 145 1324 990 1401; baseline 0 -17"><span class='ocrx_word' id='word_1_54' title='bbox 145 1328 274 1384; x_wconf 87' lang='lat' dir='ltr'><strong>eiusdem</strong></span> <span class='ocrx_word' id='word_1_55' title='bbox 290 1324 433 1398; x_wconf 87' lang='lat' dir='ltr'><strong>Principis</strong></span> <span class='ocrx_word' id='word_1_56' title='bbox 457 1326 606 1379; x_wconf 80' lang='lat' dir='ltr'><strong>voluntate</strong></span> <span class='ocrx_word' id='word_1_57' title='bbox 625 1326 662 1380; x_wconf 87' lang='lat' dir='ltr'><strong>ad</strong></span> <span class='ocrx_word' id='word_1_58' title='bbox 679 1328 910 1401; x_wconf 80' lang='lat' dir='ltr'><strong>prosequendam</strong></span> <span class='ocrx_word' id='word_1_59' title='bbox 926 1329 990 1384; x_wconf 74' lang='lat' dir='ltr'><strong>noi-</strong></span> 
     </span>
     <span class='ocr_line' id='line_1_10' title="bbox 146 1413 989 1469; baseline 0 0"><span class='ocrx_word' id='word_1_60' title='bbox 146 1432 247 1469; x_wconf 83' lang='lat' dir='ltr'><strong>earum</strong></span> <span class='ocrx_word' id='word_1_61' title='bbox 264 1432 365 1469; x_wconf 88' lang='lat' dir='ltr'><strong>rerum</strong></span> <span class='ocrx_word' id='word_1_62' title='bbox 383 1413 531 1467; x_wconf 75' lang='lat' dir='ltr'><strong>historiam</strong></span> <span class='ocrx_word' id='word_1_63' title='bbox 543 1414 721 1467; x_wconf 89' lang='lat' dir='ltr'><strong>aBrunnero</strong></span> <span class='ocrx_word' id='word_1_64' title='bbox 733 1415 810 1469; x_wconf 86' lang='lat' dir='ltr'><strong>ultra</strong></span> <span class='ocrx_word' id='word_1_65' title='bbox 820 1415 989 1469; x_wconf 84' lang='lat' dir='ltr'><strong>umbilicum</strong></span> 
     </span>
     <span class='ocr_line' id='line_1_11' title="bbox 145 1498 989 1573; baseline 0 -18"><span class='ocrx_word' id='word_1_66' title='bbox 145 1502 201 1555; x_wconf 90' lang='lat' dir='ltr'><strong>iam</strong></span> <span class='ocrx_word' id='word_1_67' title='bbox 225 1501 397 1573; x_wconf 80' lang='lat' dir='ltr'><strong>productam</strong></span> <span class='ocrx_word' id='word_1_68' title='bbox 422 1498 553 1553; x_wconf 87' lang='lat' dir='ltr'><strong>admotus</strong></span> <span class='ocrx_word' id='word_1_69' title='bbox 577 1498 712 1569; x_wconf 79' lang='lat' dir='ltr'><strong>equidem</strong></span> <span class='ocrx_word' id='word_1_70' title='bbox 730 1500 797 1571; x_wconf 91' lang='lat' dir='ltr'><strong>plus</strong></span> <span class='ocrx_word' id='word_1_71' title='bbox 815 1518 909 1555; x_wconf 87' lang='lat' dir='ltr'><strong>annuo</strong></span> <span class='ocrx_word' id='word_1_72' title='bbox 927 1518 989 1573; x_wconf 88' lang='lat' dir='ltr'><strong>spe-</strong></span> 
     </span>
     <span class='ocr_line' id='line_1_12' title="bbox 147 1583 989 1661; baseline -0.002 -19"><span class='ocrx_word' id='word_1_73' title='bbox 147 1590 190 1643; x_wconf 89' lang='lat' dir='ltr'><strong>tio</strong></span> <span class='ocrx_word' id='word_1_74' title='bbox 208 1584 285 1641; x_wconf 85' lang='lat' dir='ltr'><strong>haud</strong></span> <span class='ocrx_word' id='word_1_75' title='bbox 302 1584 488 1659; x_wconf 79' lang='lat' dir='ltr'><strong>perduravitr</strong></span> <span class='ocrx_word' id='word_1_76' title='bbox 508 1583 559 1640; x_wconf 89' lang='lat' dir='ltr'><strong>sed</strong></span> <span class='ocrx_word' id='word_1_77' title='bbox 574 1586 616 1639; x_wconf 85' lang='lat' dir='ltr'><strong>ob</strong></span> <span class='ocrx_word' id='word_1_78' title='bbox 627 1584 768 1640; x_wconf 89' lang='lat' dir='ltr'><strong>eiusmodi</strong></span> <span class='ocrx_word' id='word_1_79' title='bbox 787 1602 894 1653; x_wconf 75' lang='lat' dir='ltr'><strong>causas,</strong></span> <span class='ocrx_word' id='word_1_80' title='bbox 914 1598 989 1661; x_wconf 82' lang='lat' dir='ltr'><strong>quse</strong></span> 
     </span>
     <span class='ocr_line' id='line_1_13' title="bbox 143 1670 990 1745; baseline -0.002 -18"><span class='ocrx_word' id='word_1_81' title='bbox 143 1672 250 1727; x_wconf 86' lang='lat' dir='ltr'><strong>Iacobo</strong></span> <span class='ocrx_word' id='word_1_82' title='bbox 269 1680 426 1727; x_wconf 82' lang='lat' dir='ltr'><strong>temerant</strong></span> <span class='ocrx_word' id='word_1_83' title='bbox 448 1670 641 1733; x_wconf 84' lang='lat' dir='ltr'><strong>honorificae,</strong></span> <span class='ocrx_word' id='word_1_84' title='bbox 667 1688 753 1745; x_wconf 90' lang='lat' dir='ltr'><strong>quam</strong></span> <span class='ocrx_word' id='word_1_85' title='bbox 778 1672 841 1726; x_wconf 83' lang='lat' dir='ltr'><strong>aliis</strong></span> <span class='ocrx_word' id='word_1_86' title='bbox 857 1682 891 1727; x_wconf 88' lang='lat' dir='ltr'><strong>ut</strong></span> <span class='ocrx_word' id='word_1_87' title='bbox 912 1672 990 1726; x_wconf 83' lang='lat' dir='ltr'><strong>affri-</strong></span> 
     </span>
     <span class='ocr_line' id='line_1_14' title="bbox 145 1746 989 1832; baseline -0.001 -20"><span class='ocrx_word' id='word_1_88' title='bbox 145 1769 248 1812; x_wconf 88' lang='lat' dir='ltr'><strong>ceutur</strong></span> <span class='ocrx_word' id='word_1_89' title='bbox 264 1776 323 1812; x_wconf 88' lang='lat' dir='ltr'><strong>non</strong></span> <span class='ocrx_word' id='word_1_90' title='bbox 341 1746 529 1811; x_wconf 81' lang='lat' dir='ltr'><strong>necessariae.</strong></span> <span class='ocrx_word' id='word_1_91' title='bbox 555 1758 680 1830; x_wconf 80' lang='lat' dir='ltr'><strong>Collegit</strong></span> <span class='ocrx_word' id='word_1_92' title='bbox 697 1758 878 1813; x_wconf 89' lang='lat' dir='ltr'><strong>nihilominus</strong></span> <span class='ocrx_word' id='word_1_93' title='bbox 890 1759 989 1832; x_wconf 84' lang='lat' dir='ltr'><strong>eopio-</strong></span> 
     </span>
     <span class='ocr_line' id='line_1_15' title="bbox 144 1843 989 1917; baseline -0.002 -18"><span class='ocrx_word' id='word_1_94' title='bbox 144 1862 204 1900; x_wconf 90' lang='lat' dir='ltr'><strong>sam</strong></span> <span class='ocrx_word' id='word_1_95' title='bbox 222 1862 324 1899; x_wconf 88' lang='lat' dir='ltr'><strong>rerum</strong></span> <span class='ocrx_word' id='word_1_96' title='bbox 348 1860 385 1897; x_wconf 92' lang='lat' dir='ltr'><strong>eo</strong></span> <span class='ocrx_word' id='word_1_97' title='bbox 405 1843 570 1898; x_wconf 85' lang='lat' dir='ltr'><strong>iacientium</strong></span> <span class='ocrx_word' id='word_1_98' title='bbox 588 1844 715 1914; x_wconf 83' lang='lat' dir='ltr'><strong>sylvam,</strong></span> <span class='ocrx_word' id='word_1_99' title='bbox 742 1862 817 1917; x_wconf 88' lang='lat' dir='ltr'><strong>quae</strong></span> <span class='ocrx_word' id='word_1_100' title='bbox 835 1845 989 1900; x_wconf 79' lang='lat' dir='ltr'><strong>etiamnum</strong></span> 
     </span>
     <span class='ocr_line' id='line_1_16' title="bbox 144 1927 988 2001; baseline -0.001 -15"><span class='ocrx_word' id='word_1_101' title='bbox 144 1930 290 1986; x_wconf 84' lang='lat' dir='ltr'><strong>Monaehii</strong></span> <span class='ocrx_word' id='word_1_102' title='bbox 309 1940 452 1984; x_wconf 83' lang='lat' dir='ltr'><strong>asservata</strong></span> <span class='ocrx_word' id='word_1_103' title='bbox 478 1927 589 2001; x_wconf 83' lang='lat' dir='ltr'><strong>insigne</strong></span> <span class='ocrx_word' id='word_1_104' title='bbox 606 1930 802 1985; x_wconf 88' lang='lat' dir='ltr'><strong>testimonium</strong></span> <span class='ocrx_word' id='word_1_105' title='bbox 820 1931 869 1985; x_wconf 86' lang='lat' dir='ltr'><strong>dat</strong></span> <span class='ocrx_word' id='word_1_106' title='bbox 888 1930 988 1986; x_wconf 87' lang='lat' dir='ltr'><strong>Balde·</strong></span> 
     </span>
     <span class='ocr_line' id='line_1_17' title="bbox 146 2014 905 2090; baseline 0.004 -19"><span class='ocrx_word' id='word_1_107' title='bbox 146 2034 219 2071; x_wconf 89' lang='lat' dir='ltr'><strong>anae</strong></span> <span class='ocrx_word' id='word_1_108' title='bbox 239 2032 300 2071; x_wconf 89' lang='lat' dir='ltr'><strong>non</strong></span> <span class='ocrx_word' id='word_1_109' title='bbox 316 2015 411 2068; x_wconf 87' lang='lat' dir='ltr'><strong>minus</strong></span> <span class='ocrx_word' id='word_1_110' title='bbox 428 2014 597 2081; x_wconf 74' lang='lat' dir='ltr'><strong>industriae,</strong></span> <span class='ocrx_word' id='word_1_111' title='bbox 619 2032 704 2090; x_wconf 90' lang='lat' dir='ltr'><strong>quam</strong></span> <span class='ocrx_word' id='word_1_112' title='bbox 722 2018 905 2089; x_wconf 84' lang='lat' dir='ltr'><strong>prudentiae.</strong></span> 
     </span>
     <span class='ocr_line' id='line_1_18' title="bbox 213 2101 989 2181; baseline 0 -24"><span class='ocrx_word' id='word_1_113' title='bbox 213 2104 384 2181; x_wconf 75' lang='lat' dir='ltr'><strong>Quanquam</strong></span> <span class='ocrx_word' id='word_1_114' title='bbox 401 2101 457 2154; x_wconf 84' lang='lat' dir='ltr'><strong>alio</strong></span> <span class='ocrx_word' id='word_1_115' title='bbox 475 2111 548 2155; x_wconf 83' lang='lat' dir='ltr'><strong>teste</strong></span> <span class='ocrx_word' id='word_1_116' title='bbox 566 2119 644 2174; x_wconf 90' lang='lat' dir='ltr'><strong>opus</strong></span> <span class='ocrx_word' id='word_1_117' title='bbox 662 2120 721 2157; x_wconf 90' lang='lat' dir='ltr'><strong>non</strong></span> <span class='ocrx_word' id='word_1_118' title='bbox 739 2114 795 2170; x_wconf 87' lang='lat' dir='ltr'><strong>est,</strong></span> <span class='ocrx_word' id='word_1_119' title='bbox 815 2120 900 2175; x_wconf 86' lang='lat' dir='ltr'><strong>quam</strong></span> <span class='ocrx_word' id='word_1_120' title='bbox 917 2104 989 2157; x_wconf 90' lang='lat' dir='ltr'><strong>mul-</strong></span> 
     </span>
     <span class='ocr_line' id='line_1_19' title="bbox 141 2186 988 2262; baseline -0.001 -20"><span class='ocrx_word' id='word_1_121' title='bbox 141 2187 234 2262; x_wconf 85' lang='lat' dir='ltr'><strong>tiplici</strong></span> <span class='ocrx_word' id='word_1_122' title='bbox 247 2186 354 2241; x_wconf 86' lang='lat' dir='ltr'><strong>laboris</strong></span> <span class='ocrx_word' id='word_1_123' title='bbox 365 2187 464 2240; x_wconf 87' lang='lat' dir='ltr'><strong>fructu</strong></span> <span class='ocrx_word' id='word_1_124' title='bbox 485 2187 577 2241; x_wconf 85' lang='lat' dir='ltr'><strong>oculis</strong></span> <span class='ocrx_word' id='word_1_125' title='bbox 596 2187 735 2240; x_wconf 86' lang='lat' dir='ltr'><strong>subiecto.</strong></span> <span class='ocrx_word' id='word_1_126' title='bbox 756 2190 834 2260; x_wconf 82' lang='lat' dir='ltr'><strong>Lege</strong></span> <span class='ocrx_word' id='word_1_127' title='bbox 848 2189 988 2242; x_wconf 81' lang='lat' dir='ltr'><strong>eiusPoo-</strong></span> 
     </span>
     <span class='ocr_line' id='line_1_20' title="bbox 141 2270 987 2345; baseline 0.001 -20"><span class='ocrx_word' id='word_1_128' title='bbox 141 2284 251 2328; x_wconf 89' lang='lat' dir='ltr'><strong>matum</strong></span> <span class='ocrx_word' id='word_1_129' title='bbox 268 2280 375 2338; x_wconf 86' lang='lat' dir='ltr'><strong>tomos,</strong></span> <span class='ocrx_word' id='word_1_130' title='bbox 392 2271 485 2325; x_wconf 84' lang='lat' dir='ltr'><strong>lector</strong></span> <span class='ocrx_word' id='word_1_131' title='bbox 496 2270 613 2342; x_wconf 84' lang='lat' dir='ltr'><strong>optime,</strong></span> <span class='ocrx_word' id='word_1_132' title='bbox 633 2270 656 2325; x_wconf 91' lang='lat' dir='ltr'><strong>si</strong></span> <span class='ocrx_word' id='word_1_133' title='bbox 669 2271 778 2326; x_wconf 83' lang='lat' dir='ltr'><strong>otiosus</strong></span> <span class='ocrx_word' id='word_1_134' title='bbox 792 2289 822 2326; x_wconf 85' lang='lat' dir='ltr'><strong>es</strong></span> <span class='ocrx_word' id='word_1_135' title='bbox 830 2290 839 2340; x_wconf 80' lang='lat'>3</span> <span class='ocrx_word' id='word_1_136' title='bbox 860 2284 889 2327; x_wconf 86' lang='lat' dir='ltr'><strong>ot</strong></span> <span class='ocrx_word' id='word_1_137' title='bbox 902 2290 987 2345; x_wconf 89' lang='lat' dir='ltr'><strong>quam</strong></span> 
     </span>
     <span class='ocr_line' id='line_1_21' title="bbox 143 2357 989 2430; baseline -0.002 -15"><span class='ocrx_word' id='word_1_138' title='bbox 143 2358 583 2430; x_wconf 81' lang='lat' dir='ltr'><strong>otiosusessopotueritauotor‚</strong></span> <span class='ocrx_word' id='word_1_139' title='bbox 595 2357 748 2430; x_wconf 81' lang='lat' dir='ltr'><strong>intelliges.</strong></span> <span class='ocrx_word' id='word_1_140' title='bbox 774 2359 892 2413; x_wconf 87' lang='lat' dir='ltr'><strong>Nullum</strong></span> <span class='ocrx_word' id='word_1_141' title='bbox 909 2369 989 2413; x_wconf 84' lang='lat' dir='ltr'><strong>certe</strong></span> 
     </span>
     <span class='ocr_line' id='line_1_22' title="bbox 140 2443 988 2515; baseline -0.001 -17"><span class='ocrx_word' id='word_1_142' title='bbox 140 2446 219 2499; x_wconf 85' lang='lat' dir='ltr'><strong>inter</strong></span> <span class='ocrx_word' id='word_1_143' title='bbox 231 2444 350 2498; x_wconf 88' lang='lat' dir='ltr'><strong>Latinos</strong></span> <span class='ocrx_word' id='word_1_144' title='bbox 358 2453 460 2513; x_wconf 88' lang='lat' dir='ltr'><strong>poetas</strong></span> <span class='ocrx_word' id='word_1_145' title='bbox 473 2443 610 2496; x_wconf 84' lang='lat' dir='ltr'><strong>hactenus</strong></span> <span class='ocrx_word' id='word_1_146' title='bbox 628 2443 753 2497; x_wconf 88' lang='lat' dir='ltr'><strong>extitisse</strong></span> <span class='ocrx_word' id='word_1_147' title='bbox 770 2444 838 2509; x_wconf 87' lang='lat' dir='ltr'><strong>scio,</strong></span> <span class='ocrx_word' id='word_1_148' title='bbox 860 2445 911 2515; x_wconf 91' lang='lat' dir='ltr'><strong>qui</strong></span> <span class='ocrx_word' id='word_1_149' title='bbox 924 2446 988 2497; x_wconf 87' lang='lat' dir='ltr'><strong>Bal-</strong></span> 
     </span>
     <span class='ocr_line' id='line_1_23' title="bbox 142 2526 988 2599; baseline -0.004 -13"><span class='ocrx_word' id='word_1_150' title='bbox 142 2532 231 2586; x_wconf 89' lang='lat' dir='ltr'><strong>deum</strong></span> <span class='ocrx_word' id='word_1_151' title='bbox 251 2540 280 2583; x_wconf 89' lang='lat' dir='ltr'><strong>et</strong></span> <span class='ocrx_word' id='word_1_152' title='bbox 305 2526 488 2582; x_wconf 86' lang='lat' dir='ltr'><strong>multitudine</strong></span> <span class='ocrx_word' id='word_1_153' title='bbox 505 2539 688 2599; x_wconf 88' lang='lat' dir='ltr'><strong>poematum,</strong></span> <span class='ocrx_word' id='word_1_154' title='bbox 715 2538 743 2583; x_wconf 90' lang='lat' dir='ltr'><strong>et</strong></span> <span class='ocrx_word' id='word_1_155' title='bbox 760 2526 930 2583; x_wconf 83' lang='lat' dir='ltr'><strong>diversitate</strong></span> <span class='ocrx_word' id='word_1_156' title='bbox 947 2532 988 2584; x_wconf 85' lang='lat' dir='ltr'><strong>vi-</strong></span> 
     </span>
     <span class='ocr_line' id='line_1_24' title="bbox 141 2613 988 2687; baseline -0.004 -17"><span class='ocrx_word' id='word_1_157' title='bbox 141 2618 236 2671; x_wconf 85' lang='lat' dir='ltr'><strong>cisset.</strong></span> <span class='ocrx_word' id='word_1_158' title='bbox 267 2616 313 2667; x_wconf 74' lang='lat' dir='ltr'><strong>An</strong></span> <span class='ocrx_word' id='word_1_159' title='bbox 334 2630 406 2667; x_wconf 83' lang='lat' dir='ltr'><strong>uero</strong></span> <span class='ocrx_word' id='word_1_160' title='bbox 426 2613 476 2667; x_wconf 88' lang='lat' dir='ltr'><strong>ille</strong></span> <span class='ocrx_word' id='word_1_161' title='bbox 494 2614 654 2687; x_wconf 84' lang='lat' dir='ltr'><strong>plerosque</strong></span> <span class='ocrx_word' id='word_1_162' title='bbox 672 2632 728 2668; x_wconf 88' lang='lat' dir='ltr'><strong>non</strong></span> <span class='ocrx_word' id='word_1_163' title='bbox 743 2614 850 2670; x_wconf 83' lang='lat' dir='ltr'><strong>vicerit</strong></span> <span class='ocrx_word' id='word_1_164' title='bbox 864 2614 988 2687; x_wconf 83' lang='lat' dir='ltr'><strong>ingenio,</strong></span> 
     </span>
     <span class='ocr_line' id='line_1_25' title="bbox 140 2696 988 2780; baseline 0 -24"><span class='ocrx_word' id='word_1_165' title='bbox 140 2701 266 2756; x_wconf 84' lang='lat' dir='ltr'><strong>alterins</strong></span> <span class='ocrx_word' id='word_1_166' title='bbox 286 2696 425 2753; x_wconf 87' lang='lat' dir='ltr'><strong>iudicium</strong></span> <span class='ocrx_word' id='word_1_167' title='bbox 444 2709 517 2754; x_wconf 86' lang='lat' dir='ltr'><strong>esto.</strong></span> <span class='ocrx_word' id='word_1_168' title='bbox 547 2697 634 2780; x_wconf 75' lang='lat' dir='ltr'><strong>Quod</strong></span> <span class='ocrx_word' id='word_1_169' title='bbox 662 2700 735 2754; x_wconf 88' lang='lat' dir='ltr'><strong>inter</strong></span> <span class='ocrx_word' id='word_1_170' title='bbox 761 2702 815 2755; x_wconf 88' lang='lat' dir='ltr'><strong>alia</strong></span> <span class='ocrx_word' id='word_1_171' title='bbox 840 2701 988 2775; x_wconf 80' lang='lat' dir='ltr'><strong>singulare</strong></span> 
     </span>
     <span class='ocr_line' id='line_1_26' title="bbox 140 2785 990 2858; baseline -0.002 -16"><span class='ocrx_word' id='word_1_172' title='bbox 140 2786 265 2849; x_wconf 86' lang='lat' dir='ltr'><strong>babuit,</strong></span> <span class='ocrx_word' id='word_1_173' title='bbox 295 2795 355 2838; x_wconf 85' lang='lat' dir='ltr'><strong>erat</strong></span> <span class='ocrx_word' id='word_1_174' title='bbox 379 2785 448 2838; x_wconf 86' lang='lat' dir='ltr'><strong>haec</strong></span> <span class='ocrx_word' id='word_1_175' title='bbox 473 2786 536 2856; x_wconf 86' lang='lat' dir='ltr'><strong>ipsa</strong></span> <span class='ocrx_word' id='word_1_176' title='bbox 560 2785 669 2858; x_wconf 83' lang='lat' dir='ltr'><strong>ingenii</strong></span> <span class='ocrx_word' id='word_1_177' title='bbox 693 2786 814 2841; x_wconf 74' lang='lat' dir='ltr'><strong>felicitas</strong></span> <span class='ocrx_word' id='word_1_178' title='bbox 840 2787 990 2840; x_wconf 83' lang='lat' dir='ltr'><strong>coniuncta</strong></span> 
     </span>
     <span class='ocr_line' id='line_1_27' title="bbox 146 2869 986 2944; baseline -0.002 -17"><span class='ocrx_word' id='word_1_179' title='bbox 146 2890 215 2927; x_wconf 86' lang='lat' dir='ltr'><strong>cum</strong></span> <span class='ocrx_word' id='word_1_180' title='bbox 234 2869 399 2925; x_wconf 87' lang='lat' dir='ltr'><strong>admirabili</strong></span> <span class='ocrx_word' id='word_1_181' title='bbox 417 2869 557 2923; x_wconf 87' lang='lat' dir='ltr'><strong>industria</strong></span> <span class='ocrx_word' id='word_1_182' title='bbox 580 2882 609 2925; x_wconf 88' lang='lat' dir='ltr'><strong>et</strong></span> <span class='ocrx_word' id='word_1_183' title='bbox 631 2871 743 2927; x_wconf 88' lang='lat' dir='ltr'><strong>laboris</strong></span> <span class='ocrx_word' id='word_1_184' title='bbox 766 2872 911 2944; x_wconf 81' lang='lat' dir='ltr'><strong>patientia.</strong></span> <span class='ocrx_word' id='word_1_185' title='bbox 940 2873 986 2927; x_wconf 86' lang='lat' dir='ltr'><strong>Ni-</strong></span> 
     </span>
     <span class='ocr_line' id='line_1_28' title="bbox 144 2954 989 3027; baseline -0.005 -14"><span class='ocrx_word' id='word_1_186' title='bbox 144 2960 185 3013; x_wconf 87' lang='lat' dir='ltr'><strong>hil</strong></span> <span class='ocrx_word' id='word_1_187' title='bbox 204 2955 307 3013; x_wconf 76' lang='lat' dir='ltr'><strong>effudit</strong></span> <span class='ocrx_word' id='word_1_188' title='bbox 322 2954 350 3008; x_wconf 90' lang='lat' dir='ltr'><strong>in</strong></span> <span class='ocrx_word' id='word_1_189' title='bbox 368 2954 519 3027; x_wconf 78' lang='lat' dir='ltr'><strong>publicum</strong></span> <span class='ocrx_word' id='word_1_190' title='bbox 544 2958 674 3015; x_wconf 73' lang='lat' dir='ltr'><strong>antheus.</strong></span> <span class='ocrx_word' id='word_1_191' title='bbox 706 2958 809 3015; x_wconf 88' lang='lat' dir='ltr'><strong>Omnia</strong></span> <span class='ocrx_word' id='word_1_192' title='bbox 835 2957 871 3011; x_wconf 85' lang='lat' dir='ltr'><strong>ad</strong></span> <span class='ocrx_word' id='word_1_193' title='bbox 893 2956 989 3011; x_wconf 85' lang='lat' dir='ltr'><strong>limam</strong></span> 
     </span>
     <span class='ocr_line' id='line_1_29' title="bbox 140 3039 989 3118; baseline -0.005 -19"><span class='ocrx_word' id='word_1_194' title='bbox 140 3047 208 3118; x_wconf 86' lang='lat' dir='ltr'><strong>plus</strong></span> <span class='ocrx_word' id='word_1_195' title='bbox 223 3060 311 3117; x_wconf 84' lang='lat' dir='ltr'><strong>quam</strong></span> <span class='ocrx_word' id='word_1_196' title='bbox 322 3039 418 3094; x_wconf 76' lang='lat' dir='ltr'><strong>decies</strong></span> <span class='ocrx_word' id='word_1_197' title='bbox 434 3042 589 3097; x_wconf 86' lang='lat' dir='ltr'><strong>revocabat</strong></span> <span class='ocrx_word' id='word_1_198' title='bbox 598 3054 627 3098; x_wconf 88' lang='lat' dir='ltr'><strong>et</strong></span> <span class='ocrx_word' id='word_1_199' title='bbox 639 3043 770 3115; x_wconf 86' lang='lat' dir='ltr'><strong>pollebat</strong></span> <span class='ocrx_word' id='word_1_200' title='bbox 784 3045 834 3111; x_wconf 84' lang='lat' dir='ltr'><strong>ita,</strong></span> <span class='ocrx_word' id='word_1_201' title='bbox 853 3054 887 3099; x_wconf 91' lang='lat' dir='ltr'><strong>ut</strong></span> <span class='ocrx_word' id='word_1_202' title='bbox 900 3040 989 3097; x_wconf 84' lang='lat' dir='ltr'><strong>omni-</strong></span> 
     </span>
     <span class='ocr_line' id='line_1_30' title="bbox 140 3124 991 3198; baseline 0 -15"><span class='ocrx_word' id='word_1_203' title='bbox 140 3151 180 3187; x_wconf 88' lang='lat' dir='ltr'><strong>no</strong></span> <span class='ocrx_word' id='word_1_204' title='bbox 213 3129 304 3183; x_wconf 80' lang='lat' dir='ltr'><strong>eduen</strong></span> <span class='ocrx_word' id='word_1_205' title='bbox 331 3124 501 3181; x_wconf 84' lang='lat' dir='ltr'><strong>viderentur</strong></span> <span class='ocrx_word' id='word_1_206' title='bbox 528 3129 665 3185; x_wconf 79' lang='lat' dir='ltr'><strong>facilitate</strong></span> <span class='ocrx_word' id='word_1_207' title='bbox 696 3142 831 3198; x_wconf 85' lang='lat' dir='ltr'><strong>naturae,</strong></span> <span class='ocrx_word' id='word_1_208' title='bbox 862 3146 921 3183; x_wconf 91' lang='lat' dir='ltr'><strong>non</strong></span> <span class='ocrx_word' id='word_1_209' title='bbox 939 3146 991 3197; x_wconf 84' lang='lat' dir='ltr'><strong>ar·</strong></span> 
     </span>
     <span class='ocr_line' id='line_1_31' title="bbox 139 3211 989 3289; baseline -0.007 -16"><span class='ocrx_word' id='word_1_210' title='bbox 139 3219 176 3273; x_wconf 89' lang='lat' dir='ltr'><strong>tis</strong></span> <span class='ocrx_word' id='word_1_211' title='bbox 195 3215 309 3271; x_wconf 88' lang='lat' dir='ltr'><strong>labore.</strong></span> <span class='ocrx_word' id='word_1_212' title='bbox 332 3212 399 3266; x_wconf 82' lang='lat' dir='ltr'><strong>Non</strong></span> <span class='ocrx_word' id='word_1_213' title='bbox 416 3211 477 3266; x_wconf 82' lang='lat' dir='ltr'><strong>sine</strong></span> <span class='ocrx_word' id='word_1_214' title='bbox 494 3216 682 3270; x_wconf 84' lang='lat' dir='ltr'><strong>veneratione</strong></span> <span class='ocrx_word' id='word_1_215' title='bbox 701 3216 860 3289; x_wconf 80' lang='lat' dir='ltr'><strong>inspexeris</strong></span> <span class='ocrx_word' id='word_1_216' title='bbox 878 3216 989 3270; x_wconf 83' lang='lat' dir='ltr'><strong>chartas</strong></span> 
     </span>
     <span class='ocr_line' id='line_1_32' title="bbox 145 3299 990 3371; baseline -0.008 -12"><span class='ocrx_word' id='word_1_217' title='bbox 145 3305 210 3359; x_wconf 85' lang='lat' dir='ltr'><strong>illas</strong></span> <span class='ocrx_word' id='word_1_218' title='bbox 220 3300 259 3355; x_wconf 87' lang='lat' dir='ltr'><strong>ad</strong></span> <span class='ocrx_word' id='word_1_219' title='bbox 269 3299 633 3371; x_wconf 86' lang='lat' dir='ltr'><strong>posterorummemoriam</strong></span> <span class='ocrx_word' id='word_1_220' title='bbox 646 3301 676 3355; x_wconf 91' lang='lat' dir='ltr'><strong>in</strong></span> <span class='ocrx_word' id='word_1_221' title='bbox 685 3302 905 3357; x_wconf 80' lang='lat' dir='ltr'><strong>Monacensibus</strong></span> <span class='ocrx_word' id='word_1_222' title='bbox 920 3300 990 3354; x_wconf 86' lang='lat' dir='ltr'><strong>seri·</strong></span> 
     </span>
     <span class='ocr_line' id='line_1_33' title="bbox 141 3385 989 3461; baseline -0.007 -17"><span class='ocrx_word' id='word_1_223' title='bbox 141 3389 197 3444; x_wconf 84' lang='lat' dir='ltr'><strong>niis</strong></span> <span class='ocrx_word' id='word_1_224' title='bbox 214 3385 369 3459; x_wconf 83' lang='lat' dir='ltr'><strong>repositas,</strong></span> <span class='ocrx_word' id='word_1_225' title='bbox 388 3398 465 3453; x_wconf 85' lang='lat' dir='ltr'><strong>quae</strong></span> <span class='ocrx_word' id='word_1_226' title='bbox 478 3385 613 3455; x_wconf 85' lang='lat' dir='ltr'><strong>poeticos</strong></span> <span class='ocrx_word' id='word_1_227' title='bbox 630 3387 727 3442; x_wconf 82' lang='lat' dir='ltr'><strong>iacobi</strong></span> <span class='ocrx_word' id='word_1_228' title='bbox 743 3397 843 3461; x_wconf 88' lang='lat' dir='ltr'><strong>partus</strong></span> <span class='ocrx_word' id='word_1_229' title='bbox 854 3386 989 3459; x_wconf 88' lang='lat' dir='ltr'><strong>primitus</strong></span> 
     </span>
     <span class='ocr_line' id='line_1_34' title="bbox 143 3466 988 3548; baseline -0.012 -14"><span class='ocrx_word' id='word_1_230' title='bbox 143 3479 329 3548; x_wconf 79' lang='lat' dir='ltr'><strong>exceperant.</strong></span> <span class='ocrx_word' id='word_1_231' title='bbox 365 3466 503 3527; x_wconf 80' lang='lat' dir='ltr'><strong>Pluribus</strong></span> <span class='ocrx_word' id='word_1_232' title='bbox 519 3488 605 3547; x_wconf 78' lang='lat' dir='ltr'><strong>saepe</strong></span> <span class='ocrx_word' id='word_1_233' title='bbox 625 3472 724 3529; x_wconf 84' lang='lat' dir='ltr'><strong>lituris</strong></span> <span class='ocrx_word' id='word_1_234' title='bbox 743 3480 883 3529; x_wconf 82' lang='lat' dir='ltr'><strong>ornentur</strong></span> <span class='ocrx_word' id='word_1_235' title='bbox 901 3486 988 3545; x_wconf 86' lang='lat' dir='ltr'><strong>quem</strong></span> 
     </span>
     <span class='ocr_line' id='line_1_35' title="bbox 753 3566 783 3621; baseline 0 -26"><span class='ocrx_word' id='word_1_236' title='bbox 753 3566 783 3621; x_wconf 56' lang='grc' dir='ltr'><strong><em>ψ</em></strong></span> 
     </span>
    </p>
   </div>
   <div class='ocr_carea' id='block_1_3' title="bbox 0 0 1304 4284">
    <p class='ocr_par' dir='ltr' id='par_1_3' title="bbox 0 0 1304 4284">
     <span class='ocr_line' id='line_1_36' title="bbox 0 0 1304 4284; baseline 0 0"><span class='ocrx_word' id='word_1_237' title='bbox 0 0 1304 4284; x_wconf 95' lang='lat' dir='ltr'><strong> </strong></span> 
     </span>
    </p>
   </div>
  </div>
 </body>
</html>
