2600 4284
255 526 318 596 stt
581 523 679 577 Jacobs
696 490 806 577 satuo'

297 682 419 743 Innubs
440 700 562 753 verum,
584 678 669 765 quis,
696 680 792 750 Puer,
815 678 953 762 impetus

299 783 350 845 Ab
371 800 471 866 usque
492 780 585 842 coelo
607 802 730 863 quaeve
749 780 891 863 potentia

342 884 378 944 in
397 883 461 945 vile
481 881 571 963 rupis
591 882 690 945 traxit
715 895 841 944 sntrum

384 981 437 1044 Ad
456 980 598 1067 pecudes
621 983 818 1068 stipulasque
836 982 952 1047 bruma

302 1160 376 1218 Heu
396 1153 492 1219 flante
514 1152 657 1217 nudum?
680 1152 768 1251 Quid
789 1152 922 1218 dubium
939 1168 1029 1222 taces

263 1300 271 1307 -
305 1256 449 1341 Udisque
470 1256 552 1321 fletu
572 1254 866 1321 nictibus'ubsilisi

347 1358 461 1422 Celare
484 1356 620 1442 sperasti
641 1369 809 1439 paternum
1114 1350 1151 1401 15

387 1464 488 1524 Posse
511 1480 611 1544 genus
633 1457 842 1543 genitumque
862 1463 997 1533 Numen,

306 1644 357 1704 De
379 1643 452 1703 lues
473 1638 599 1703 lucem?
622 1638 755 1715 Scimus,
780 1653 814 1701 ut
830 1638 977 1701 Africum

306 1746 491 1825 Eurumque
514 1754 546 1803 et
566 1740 704 1805 Austros
727 1754 759 1802 et
781 1740 947 1823 Zephyros
970 1762 1071 1825 super

349 1845 470 1929 Auriga
491 1840 600 1902 mundi
622 1856 686 1904 tam
706 1861 768 1925 per
790 1840 895 1927 igneis

392 1945 495 2040 Quam
515 1942 636 2005 medias
658 1942 813 2026 equituris
833 1941 943 2004 undas.

306 2144 354 2201 'lu
375 2154 461 2204 vasta
482 2139 584 2223 ponti,
607 2141 736 2218 seimus,
758 2154 790 2205 et
813 2142 902 2206 arith

308 2248 430 2305 'ferree
452 2241 606 2325 replesti:
628 2242 778 2326 frugibus
800 2242 917 2306 uberes

349 2344 465 2407 Risere
487 2342 607 2427 campi,
636 2364 765 2429 squama
786 2342 914 2420 flumen,

392 2449 501 2509 Penus
521 2445 624 2510 loreis
645 2445 774 2533 agitavit
796 2467 896 2510 surus.

307 2636 368 2707 Tu,
392 2650 464 2693 eum
486 2650 602 2695 sereno
625 2631 732 2695 secula
752 2630 882 2695 inieras
971 2664 974 2673 ·
1113 2650 1144 2702 25

307 2732 357 2793 Ex
379 2751 447 2804 ore,
469 2732 574 2817 longis
594 2732 750 2796 tractibus
772 2734 902 2798 setbsrs

347 2834 481 2896 Mutatus
502 2846 661 2897 astrorum
681 2832 847 2898 desentsis

391 2934 523 2998 Diceris
548 2935 742 3019 explisuisss
763 2950 884 3001 turmss

307 3121 481 3207 Fulvisque
494 3121 627 3199 Seium
642 3121 701 3185 ssd
721 3122 827 3185 niveis
846 3144 943 3207 gem

308 3224 462 3309 signasse
482 3226 593 3287 Lunse
612 3226 796 3307 purpureis
815 3224 910 3288 ustis.
1110 3232 1142 3285 ³⁰

350 3329 400 3388 Tu
420 3326 535 3388 mentis
555 3340 703 3389 aeternae
725 3326 827 3411 figura
849 3339 882 3392 et

396 3424 522 3487 Candor
541 3426 769 3511 insuetusque
789 3428 896 3513 pulsu-i
