2600 4284
263 523 328 594 m
573 516 683 576 cambi
698 515 787 574 natta

262 692 400 779 Liquida
421 689 581 756 adnotabit
600 689 754 774 nympha:
783 711 848 754 uon
868 705 974 754 tamen
991 691 1108 772 bibea;

261 794 385 880 Lepida
406 792 566 858 advolabit
585 792 706 856 forma:
731 814 794 857 uon
816 807 928 876 tanges
949 807 1071 870 tamen,

259 898 425 982 Nunquam
445 893 570 958 mederi
589 896 756 959 vulnerato
778 896 904 976 pectori

260 1000 422 1074 Anauros,
445 998 561 1060 aboena
581 1017 710 1080 comper
731 1010 764 1060 et
783 995 920 1080 propior
942 995 1034 1060 mihi.
1107 1003 1146 1056 45

259 1098 431 1163 Poterisne
453 1097 547 1162 nobie
568 1099 687 1182 hoapea
710 1096 856 1183 antiquus
877 1097 948 1176 aino

260 1202 394 1263 Noctem
415 1200 466 1262 vel
486 1221 580 1263 unam
601 1198 745 1262 ducere?
778 1197 817 1260 nh
837 1197 901 1266 hoc
921 1221 987 1265 non
998 1213 1106 1286 poter.

259 1300 397 1364 Periere
416 1322 540 1380 morem
566 1301 621 1364 iiie
640 1300 774 1366 libertae
796 1313 848 1364 tua

258 1400 464 1465 Necessitatie
484 1403 520 1465 iu
540 1418 683 1466 catenam
703 1402 839 1466 transiit.

257 1503 408 1568 Diaaolve
430 1501 567 1567 noduma
591 1505 695 1569 vincla
716 1524 829 1586 rumpe
851 1502 979 1583 ferrea3
1102 1521 1143 1574 50

259 1604 349 1700 Quor
369 1604 450 1668 fecit
469 1627 545 1668 uaut
566 1625 608 1668 ex
627 1619 675 1670 tot
696 1606 786 1670 annis
810 1604 952 1680 annulos,

257 1707 387 1771 Poteris
403 1706 456 1770 vel
470 1728 567 1772 unum
579 1706 753 1792 rumpere?
776 1706 817 1770 oh
839 1725 898 1770 nec
916 1705 979 1769 hoc
996 1718 1103 1791 potes.

259 1806 325 1872 Sed
345 1805 432 1892 finge
452 1826 565 1893 poscet
588 1829 646 1872 cur
668 1807 771 1873 velia?
793 1823 899 1874 tamen
923 1808 1010 1872 iuvat

259 1908 399 1973 Saevitia
421 1908 528 1972 facilia
549 1921 584 1973 et
603 1908 767 1974 madentes
790 1910 938 1991 lacrymis

257 2008 404 2072 Rudibua
424 2010 557 2074 timor-ea
580 2023 612 2074 et
634 2010 755 2074 decena
777 2011 906 2076 licentia
1105 2027 1142 2078 55

259 2112 440 2196 Gratuaque
462 2112 565 2196 pallor
586 2126 681 2197 atque
701 2112 832 2176 iucundi
853 2127 968 2178 metus.

257 2214 341 2287 Huc,
366 2211 430 2276 huc
449 2234 590 2291 sorores,
617 2227 774 2299 quotquot
796 2216 883 2290 eutis,
907 2214 1057 2278 Gratiae:

256 2317 413 2377 lnatemua
434 2315 527 2399 operi
546 2315 771 2401 ludicrumque
791 2315 987 2400 transfugam

256 2415 350 2496 Byaai
372 2416 513 2481 recentia
535 2416 710 2482 vinciamur
732 2417 897 2504 compede.

256 2515 380 2600 Aglaia,
402 2529 506 2599 myrto
530 2531 624 2583 necte
647 2516 769 2582 crinein
790 2518 925 2599 uvidos3
1103 2535 1138 2590 to

256 2616 368 2683 Thalia
389 2618 506 2683 collum
527 2618 643 2704 cingat,
669 2619 881 2703 Euphrosyne
903 2619 1001 2684 latuit

257 2720 361 2802 Super
383 2718 454 2805 ipra
474 2733 571 2786 totam
589 2719 696 2786 mollia
719 2719 883 2788 infundam
903 2723 1057 2806 Cyprum.
