2600 4284
493 534 639 609 antonus.
921 535 981 609 129

133 709 245 782 loquar
268 706 315 762 hic
339 704 375 761 de
393 704 463 759 tanti
484 704 597 779 ingrata
621 715 710 777 atque
732 703 873 759 iniuriosa
896 705 983 776 patrii

132 803 242 867 poetae
260 792 418 848 oblivione.
440 792 505 845 Non
522 790 569 843 hic
589 808 693 845 eorum
711 788 882 845 demirabor
899 808 983 846 erro·

134 898 208 942 rem,
228 879 279 952 qui
294 896 384 951 quum
396 875 499 930 divites
515 876 571 929 sint
587 876 759 949 margaritis,
779 874 921 949 gaudeant
935 895 982 932 or·

132 976 304 1037 nentur-que
320 965 401 1021 lectis
418 962 455 1019 de
473 971 605 1019 torrenta
622 960 764 1021 silicibus.
797 962 880 1017 Mitto
899 979 983 1034 prac-

132 1051 232 1107 terita.
254 1052 358 1123 Neque
375 1048 451 1103 enirn
467 1048 555 1103 sacile
572 1047 727 1123 quisquam
746 1057 879 1104 veterum
897 1048 983 1105 vivas

133 1138 166 1189 in
177 1133 286 1189 scholis
306 1132 392 1189 tritus
410 1146 454 1190 est
470 1143 564 1207 pecta.
600 1135 754 1189 Falernum
772 1134 983 1207 probaturae·

132 1231 254 1276 tustate.
289 1221 348 1275 Nos
364 1237 436 1275 vero
453 1236 512 1275 non
529 1219 567 1276 ad
581 1236 666 1275 usum
683 1220 849 1275 scholarum
861 1230 982 1276 tantum·

133 1304 227 1361 modo
243 1305 399 1359 Horatium
408 1306 626 1370 ceruanicam,
643 1316 676 1361 ut
693 1308 800 1363 merito
820 1317 862 1361 eat
878 1304 982 1373 dictus,

133 1409 214 1445 nova
233 1392 285 1446 hae
304 1391 535 1449 resuscitavimut
551 1390 698 1455 editione,
722 1391 928 1447 verumetiam
947 1390 983 1447 ad

135 1491 258 1541 eorum,
283 1478 334 1551 qui
352 1494 427 1549 quae
444 1476 589 1551 quondam
607 1478 637 1531 in
654 1476 730 1533 ludis
748 1477 913 1533 didicerunt
931 1494 983 1549 pu·

135 1563 192 1632 cri,
209 1562 290 1618 horis
307 1563 464 1619 subsecivis
481 1561 610 1619 libenter
627 1564 777 1633 recolunt,
796 1564 844 1619 vel
862 1562 984 1619 detecta..

134 1649 249 1704 tionem
266 1649 315 1704 vel
332 1648 416 1703 anim
435 1648 673 1705 consolationem.
698 1649 842 1705 Tirenum
861 1649 985 1705 servitus

134 1752 184 1789 ras
201 1733 299 1789 studio
323 1745 412 1807 atque
430 1734 584 1789 literarum
602 1736 762 1790 amantium
782 1735 841 1789 otio
858 1734 985 1789 adiectas

137 1820 230 1876 hahes
248 1822 444 1877 annotationes
462 1821 582 1887 breves3
607 1819 771 1875 enodandas
789 1838 863 1877 varo
881 1830 985 1893 poetae

136 1906 297 1963 sententiaa
315 1925 374 1963 non
390 1905 523 1979 placebat
536 1904 705 1961 exercendis
715 1905 886 1961 iuvenilibus
900 1924 984 1977 praa·

139 1994 241 2065 ripere
259 1992 387 2065 ingeniis.
424 1994 459 2045 ln
474 1985 531 2045 illis
546 1991 625 2057 nihil,
644 1991 726 2063 quod
742 1991 808 2047 usui
827 2002 917 2059 esset,
935 2010 985 2048 nc·

136 2080 216 2151 glexi
234 2095 348 2145 eorum,
367 2094 442 2150 quae
456 2087 521 2131 ante
538 2094 586 2131 mo
602 2089 814 2135 annotaverunt
824 2078 985 2146 Herderus,

137 2163 278 2230 Orellius‚
295 2160 464 2234 Neubigiua,
482 2179 519 2217 ne
538 2160 608 2235 quid
624 2163 652 2217 in
670 2164 723 2219 hac
735 2164 861 2219 editione
872 2164 985 2219 deside·

137 2260 219 2305 rarat
231 2249 334 2304 lector.
353 2250 387 2303 ln
399 2246 602 2303 constituendo
615 2258 697 2304 textu
704 2266 772 2304 usus
786 2266 849 2305 sum
861 2249 985 2322 antiqui-

137 2335 243 2390 oribus
262 2332 436 2389 editionibus
453 2332 597 2399 omnibus,
615 2334 781 2389 Monacensi
799 2344 923 2407 utraque
934 2335 1009 2389 sci·.

138 2422 206 2474 licet
223 2430 252 2474 ct
269 2418 443 2485 Coloniensi,
466 2437 590 2492 quarum
607 2420 787 2475 Monacensis
804 2420 896 2475 altera
913 2437 987 2475 non-

140 2503 777 2577 nullaepraebetemendationesprohiasimas
784 2524 794 2573 3
805 2516 904 2559 utrum
912 2523 984 2561 vero

134 2592 259 2649 Baldaei
277 2609 363 2647 manu
382 2592 515 2663 scriptas,
532 2589 797 2646 ansocietatisnon
817 2590 918 2667 liquet.
932 2594 985 2647 Ex·

135 2676 292 2749 pungenda
300 2677 531 2749 interpunctione
539 2686 640 2731 vetere
647 2677 770 2731 multum
786 2677 925 2748 scriptori
939 2678 983 2729 af-

138 2762 251 2817 fudiaae
261 2763 337 2817 lueis
343 2763 411 2817 mihi
421 2761 534 2819 videor.
548 2761 742 2817 Veleiarntihi
754 2762 863 2830 dicens,
876 2765 985 2819 Lector

138 2850 272 2923 benigne,
291 2868 327 2905 ex
340 2848 442 2903 eadem
457 2848 505 2902 illa
515 2849 667 2904 Societatis
683 2847 985 2905 editionelilonacensi

138 2954 165 2989 a.
189 2942 265 2994 ttae.
284 2945 410 3008 propter
435 2932 523 2987 fidem
545 2933 709 2990 historicam
735 2934 888 3009 adiungam
907 2935 987 2991 vitae

137 3020 368 3095 descriptionem
388 3030 501 3095 poetae.
