2600 4284
363 478 539 551 Lyricorum
548 476 615 533 Lib.
633 478 683 537 lv.
699 478 739 532 ld.
763 479 803 533 17.
960 471 1023 543 337

201 653 235 713 Ut
254 651 446 736 palpitabunt
467 651 507 715 ad
526 649 666 713 medium
691 648 777 712 diem

199 755 235 816 Et
251 754 333 817 clara
352 754 436 817 coeli
458 754 579 838 spicula
598 766 732 815 noctuae

235 858 268 917 ln
286 856 399 921 fraude
422 858 598 946 deprensas
620 867 729 937 aperta

271 961 356 1024 Luce
376 960 479 1045 palam
497 957 639 1021 feriente
656 954 795 1049 pennas!

487 1119 642 1133 ...ι-

338 1201 399 1289 Ad
420 1224 609 1290 Sabinum
628 1226 797 1291 Fuscum

387 1370 424 1421 ln
440 1369 543 1422 Indlas
560 1346 762 1435 prafeclaaum.

431 1495 462 1559 0
482 1498 514 1558 D
534 1496 562 1555 E
604 1497 702 1564 XVll.

182 1636 269 1727 Ibis,
293 1673 358 1736 quo
381 1652 471 1717 iubet
492 1656 586 1720 unica

229 1758 314 1817 Toto
337 1754 557 1842 circumagens
578 1778 720 1843 aequore
742 1758 844 1835 litera,

191 1854 256 1919 Sed
278 1878 339 1941 qua
360 1878 421 1920 nec
442 1859 613 1923 violentius

232 1959 434 2025 Gaudentem
453 1962 597 2025 traheret
617 1962 748 2047 grandis
771 1962 915 2047 epistola.

190 2062 220 2124 0
233 2082 314 2146 ergo
329 2060 447 2124 faciem
469 2062 562 2126 novis
1013 2083 1029 2133 5

232 2167 380 2227 lnccctus
401 2163 533 2247 rapidae
550 2166 672 2229 aclibus
695 2166 803 2229 Indiae

193 2266 339 2352 Augebis
360 2266 535 2349 pretiosius

233 2370 350 2431 Pulcrc
371 2367 541 2431 barbarico
562 2390 654 2434 more
675 2369 835 2452 feroci01·;

194 2472 251 2534 Bis
273 2471 482 2555 ferrugineus
506 2494 603 2557 genas

232 2572 421 2657 Fulgentcis
442 2574 585 2637 tenebris
608 2590 641 2638 et
661 2574 712 2637 bia
732 2574 767 2636 in
787 2571 920 2637 annulos
997 2588 1030 2640 10

193 2676 323 2737 Flexam
344 2676 520 2738 caesariem
540 2676 646 2760 niger.

235 2775 332 2872 Quod
354 2778 390 2840 ni
411 2792 442 2841 te
460 2778 593 2863 Superis
613 2778 664 2840 irc
687 2778 870 2843 volentibus

195 2880 298 2944 lavito
320 2878 401 2941 mihi
422 2879 564 2957 suadeas,

234 2982 327 3045 Diris
349 2981 566 3044 Thessalicam
585 2981 759 3047 devoveam
780 2993 890 3056 ratem,

196 3084 339 3147 Primum
360 3105 440 3169 quae
460 3083 567 3168 potuit
587 3083 707 3148 fretum
999 3092 1032 3148 16

236 3186 350 3249 Audax
375 3185 534 3249 aerisonis
553 3207 706 3271 rumpere
729 3182 899 3269 puppibus.

199 3287 372 3352 Cedamusa
394 3302 489 3353 vocat
509 3289 665 3372 Hispalis.

240 3395 307 3455 Per
328 3390 440 3453 matris
463 3391 617 3472 lacrymas
639 3410 763 3473 perque
785 3385 929 3452 sororios

792 3510 826 3561 22
