2600 4284
406 522 584 591 Lyricorum
600 522 664 578 Lib.
676 528 727 581 ΙΙΙ.
748 534 789 583 32.
980 532 1041 601 251

323 698 381 759 Ad
401 698 594 763 Ioannem
615 702 861 771 aaronem.

219 846 341 899 lucenam
356 862 388 901 se
404 852 566 905 scribendis
581 854 693 917 satyris
710 868 825 918 operam
842 856 963 910 dedisse.

448 987 479 1049 Ο
493 988 524 1047 D
539 988 567 1047 E
594 990 726 1051 xxxtt.

210 1124 278 1201 Ille
299 1162 359 1225 ego
380 1143 498 1227 primis
521 1144 676 1207 iaculator
697 1149 787 1208 annis

209 1240 318 1303 Certus
340 1242 452 1306 audaci
473 1260 575 1327 satyra
596 1246 700 1311 ferire

209 1343 341 1405 Punicas
363 1346 471 1407 aureis
492 1348 620 1410 inimica
644 1348 772 1412 tandem

454 1448 543 1510 Peila
564 1450 718 1513 recondo.

207 1540 242 1599 ln
263 1562 333 1603 suas
354 1548 450 1610 traxit
464 1552 622 1621 luvenalis
642 1552 719 1613 olim

205 1640 377 1707 Fervidum
400 1650 521 1731 parteis
549 1651 704 1737 rabieque
725 1676 814 1717 sacra

203 1742 316 1807 lmbuit
340 1769 453 1811 venam
475 1753 563 1816 velut
585 1770 654 1817 acta
676 1755 778 1817 taedis
827 1744 830 1748 ²

457 1856 574 1921 Volsca
594 1857 769 1927 Mimallon.

181 1949 314 2012 'Robur
337 1969 370 2016 et
391 1955 492 2018 vireis
513 1957 700 2040 animosque
719 1974 755 2031 ‚et
781 1960 845 2022 iras

205 2050 338 2115 Flaccus
360 2054 496 2117 addebat
519 2058 583 2120 sale
606 2074 791 2133 maceratas,

200 2154 331 2215 Persius
354 2156 454 2217 bilem
477 2158 649 2223 stimulavit
672 2175 704 2223 et
723 2164 785 2222 Lu-

458 2259 552 2321 cilius
574 2276 682 2323 atram.

204 2354 262 2416 Cui
282 2356 453 2419 lacessitus
476 2359 587 2422 timide
607 2364 767 2446 peperci?

201 2454 305 2550 Quem
328 2459 388 2519 tuli
410 2474 539 2521 nostros
562 2464 642 2525 male
665 2481 893 2547 provocantem

199 2556 326 2618 Zoilum
349 2560 493 2623 nervos?
517 2578 594 2647 quot
614 2564 654 2627 ad
674 2589 775 2653 usque
798 2569 909 2632 restim

461 2663 567 2725 Paene
591 2670 703 2753 coegi!

199 2759 334 2843 Semper
358 2778 492 2824 armatus
514 2766 686 2849 gradiebar
707 2774 806 2834 instar
855 2777 861 2844 ’,
909 2850 912 2857 Ι

199 2860 363 2941 Hystricis
385 2878 475 2927 retro
498 2869 680 2935 meditantis
703 2876 801 2938 ictum
873 2875 878 2890 '
973 2881 976 2890 '

198 2959 357 3025 Omnibus
378 2966 533 3031 membris
556 2970 589 3033 in
613 2976 835 3038 arundinetum
856 2966 889 3043 et

419 3072 423 3081 '
447 3070 575 3153 Spicula
596 3058 710 3141 versis.

198 3166 287 3225 Nunc
309 3164 345 3225 in
369 3165 534 3254 obliquum
553 3163 836 3245 celereis'iambos
879 3184 884 3193 “

197 3267 238 3328 Et
258 3267 441 3347 Lycambeo
462 3272 606 3341 madidos
629 3300 755 3359 cruore,

196 3370 283 3431 Nune
306 3372 341 3433 in
363 3370 531 3435 adversum
553 3378 709 3445 redeunte
730 3408 833 3468 penna
898 3389 902 3398 ’

448 3474 588 3541 Vulnera
609 3478 675 3543 fixi.
