<?xml version="1.0" encoding="UTF-8"?>
<!DOCTYPE html PUBLIC "-//W3C//DTD XHTML 1.0 Transitional//EN"
    "http://www.w3.org/TR/xhtml1/DTD/xhtml1-transitional.dtd">
<html xmlns="http://www.w3.org/1999/xhtml" xml:lang="en" lang="en">
 <head>
  <title>
</title>
<meta http-equiv="Content-Type" content="text/html;charset=utf-8" />
  <meta name='ocr-system' content='tesseract 3.04.00' />
  <meta name='ocr-capabilities' content='ocr_page ocr_carea ocr_par ocr_line ocrx_word'/>
</head>
<body>
  <div class='ocr_page' id='page_1' title='image "./jacobibaldecarm00mlgoog_0337.png"; bbox 0 0 2600 4284; ppageno 0'>
   <div class='ocr_carea' id='block_1_1' title="bbox 439 499 1058 574">
    <p class='ocr_par' dir='ltr' id='par_1_1' title="bbox 439 499 1058 574">
     <span class='ocr_line' id='line_1_1' title="bbox 439 499 1058 574; baseline 0.036 -21"><span class='ocrx_word' id='word_1_1' title='bbox 439 500 611 573; x_wconf 75' lang='lat' dir='ltr'><strong>Lyricorum</strong></span> <span class='ocrx_word' id='word_1_2' title='bbox 626 499 690 557; x_wconf 81' lang='lat' dir='ltr'><strong>Lib.</strong></span> <span class='ocrx_word' id='word_1_3' title='bbox 712 502 764 558; x_wconf 83' lang='lat' dir='ltr'><strong>tv.</strong></span> <span class='ocrx_word' id='word_1_4' title='bbox 784 506 808 557; x_wconf 79' lang='lat'><strong>7·</strong></span> <span class='ocrx_word' id='word_1_5' title='bbox 992 504 1058 574; x_wconf 79' lang='lat'><strong>313</strong></span> 
     </span>
    </p>
   </div>
   <div class='ocr_carea' id='block_1_2' title="bbox 330 664 1001 868">
    <p class='ocr_par' dir='ltr' id='par_1_2' title="bbox 330 664 1001 868">
     <span class='ocr_line' id='line_1_2' title="bbox 330 664 1001 748; baseline 0 -1"><span class='ocrx_word' id='word_1_6' title='bbox 330 682 388 747; x_wconf 75' lang='lat' dir='ltr'><strong>Ari</strong></span> <span class='ocrx_word' id='word_1_7' title='bbox 406 680 657 747; x_wconf 69' lang='lat' dir='ltr'><strong>Laurentium</strong></span> <span class='ocrx_word' id='word_1_8' title='bbox 682 679 896 748; x_wconf 64' lang='lat' dir='ltr'><strong>Arionem.</strong></span> <span class='ocrx_word' id='word_1_9' title='bbox 999 664 1001 668; x_wconf 64' lang='grc'><strong>’</strong></span> 
     </span>
     <span class='ocr_line' id='line_1_3' title="bbox 472 816 735 868; baseline -0.004 -2"><span class='ocrx_word' id='word_1_10' title='bbox 472 816 563 868; x_wconf 71' lang='lat' dir='ltr'><strong>Hodie</strong></span> <span class='ocrx_word' id='word_1_11' title='bbox 577 816 735 867; x_wconf 73' lang='lat' dir='ltr'><strong>emendum.</strong></span> 
     </span>
    </p>
   </div>
   <div class='ocr_carea' id='block_1_3' title="bbox 487 936 718 1011">
    <p class='ocr_par' dir='ltr' id='par_1_3' title="bbox 487 936 718 1011">
     <span class='ocr_line' id='line_1_4' title="bbox 487 936 718 1011; baseline -0.022 -10"><span class='ocrx_word' id='word_1_12' title='bbox 487 936 718 1011; x_wconf 83' lang='lat' dir='ltr'><strong>ODEVII.</strong></span> 
     </span>
    </p>
   </div>
   <div class='ocr_carea' id='block_1_4' title="bbox 224 1080 902 1465">
    <p class='ocr_par' dir='ltr' id='par_1_4' title="bbox 224 1080 902 1172">
     <span class='ocr_line' id='line_1_5' title="bbox 224 1080 902 1172; baseline 0 -15"><span class='ocrx_word' id='word_1_13' title='bbox 224 1080 331 1172; x_wconf 83' lang='lat' dir='ltr'><strong>Viris,</strong></span> <span class='ocrx_word' id='word_1_14' title='bbox 355 1116 394 1156; x_wconf 81' lang='lat' dir='ltr'><strong>tm</strong></span> <span class='ocrx_word' id='word_1_15' title='bbox 417 1094 533 1157; x_wconf 78' lang='lat' dir='ltr'><strong>differe</strong></span> <span class='ocrx_word' id='word_1_16' title='bbox 554 1096 626 1159; x_wconf 79' lang='lat' dir='ltr'><strong>leve</strong></span> <span class='ocrx_word' id='word_1_17' title='bbox 649 1116 762 1157; x_wconf 79' lang='lat' dir='ltr'><strong>munus</strong></span> <span class='ocrx_word' id='word_1_18' title='bbox 784 1095 902 1159; x_wconf 75' lang='lat' dir='ltr'><strong>auree?</strong></span> 
     </span>
    </p>

    <p class='ocr_par' dir='ltr' id='par_1_5' title="bbox 230 1195 822 1281">
     <span class='ocr_line' id='line_1_6' title="bbox 230 1195 822 1281; baseline -0.003 -21"><span class='ocrx_word' id='word_1_19' title='bbox 230 1198 288 1260; x_wconf 81' lang='lat' dir='ltr'><strong>sed</strong></span> <span class='ocrx_word' id='word_1_20' title='bbox 306 1197 375 1281; x_wconf 85' lang='lat' dir='ltr'><strong>spei</strong></span> <span class='ocrx_word' id='word_1_21' title='bbox 398 1198 492 1260; x_wconf 84' lang='lat' dir='ltr'><strong>telam</strong></span> <span class='ocrx_word' id='word_1_22' title='bbox 515 1198 595 1259; x_wconf 80' lang='lat' dir='ltr'><strong>male</strong></span> <span class='ocrx_word' id='word_1_23' title='bbox 619 1196 716 1271; x_wconf 77' lang='lat' dir='ltr'><strong>texis,</strong></span> <span class='ocrx_word' id='word_1_24' title='bbox 739 1195 822 1272; x_wconf 80' lang='lat' dir='ltr'><strong>Ado,</strong></span> 
     </span>
    </p>

    <p class='ocr_par' dir='ltr' id='par_1_6' title="bbox 228 1299 831 1465">
     <span class='ocr_line' id='line_1_7' title="bbox 228 1299 831 1383; baseline 0 -22"><span class='ocrx_word' id='word_1_25' title='bbox 228 1300 290 1362; x_wconf 81' lang='lat' dir='ltr'><strong>Fila</strong></span> <span class='ocrx_word' id='word_1_26' title='bbox 311 1320 381 1362; x_wconf 91' lang='lat' dir='ltr'><strong>cum</strong></span> <span class='ocrx_word' id='word_1_27' title='bbox 403 1300 487 1364; x_wconf 75' lang='lat' dir='ltr'><strong>vitae</strong></span> <span class='ocrx_word' id='word_1_28' title='bbox 508 1299 662 1363; x_wconf 82' lang='lat' dir='ltr'><strong>Lachesis</strong></span> <span class='ocrx_word' id='word_1_29' title='bbox 683 1312 831 1383; x_wconf 79' lang='lat' dir='ltr'><strong>peractae</strong></span> 
     </span>
     <span class='ocr_line' id='line_1_8' title="bbox 469 1400 787 1465; baseline -0.003 -2"><span class='ocrx_word' id='word_1_30' title='bbox 469 1401 596 1465; x_wconf 81' lang='lat' dir='ltr'><strong>scindit</strong></span> <span class='ocrx_word' id='word_1_31' title='bbox 617 1416 651 1465; x_wconf 83' lang='lat' dir='ltr'><strong>et</strong></span> <span class='ocrx_word' id='word_1_32' title='bbox 673 1400 787 1463; x_wconf 78' lang='lat' dir='ltr'><strong>aufert.</strong></span> 
     </span>
    </p>
   </div>
   <div class='ocr_carea' id='block_1_5' title="bbox 219 1507 883 2094">
    <p class='ocr_par' dir='ltr' id='par_1_7' title="bbox 228 1507 865 1587">
     <span class='ocr_line' id='line_1_9' title="bbox 228 1507 865 1587; baseline -0.009 -18"><span class='ocrx_word' id='word_1_33' title='bbox 228 1509 315 1569; x_wconf 81' lang='lat' dir='ltr'><strong>Curta</strong></span> <span class='ocrx_word' id='word_1_34' title='bbox 338 1507 397 1569; x_wconf 89' lang='lat' dir='ltr'><strong>sub</strong></span> <span class='ocrx_word' id='word_1_35' title='bbox 420 1518 538 1567; x_wconf 85' lang='lat' dir='ltr'><strong>terram</strong></span> <span class='ocrx_word' id='word_1_36' title='bbox 559 1516 865 1587; x_wconf 68' lang='lat' dir='ltr'><strong>properaturuetuu.</strong></span> 
     </span>
    </p>

    <p class='ocr_par' dir='ltr' id='par_1_8' title="bbox 226 1603 883 1705">
     <span class='ocr_line' id='line_1_10' title="bbox 226 1603 883 1705; baseline -0.005 -35"><span class='ocrx_word' id='word_1_37' title='bbox 226 1610 308 1705; x_wconf 78' lang='lat' dir='ltr'><strong>Quae</strong></span> <span class='ocrx_word' id='word_1_38' title='bbox 332 1609 403 1671; x_wconf 83' lang='lat' dir='ltr'><strong>dies</strong></span> <span class='ocrx_word' id='word_1_39' title='bbox 424 1628 489 1669; x_wconf 90' lang='lat' dir='ltr'><strong>non</strong></span> <span class='ocrx_word' id='word_1_40' title='bbox 512 1620 560 1668; x_wconf 80' lang='lat' dir='ltr'><strong>est</strong></span> <span class='ocrx_word' id='word_1_41' title='bbox 581 1603 705 1668; x_wconf 86' lang='lat' dir='ltr'><strong>homiui</strong></span> <span class='ocrx_word' id='word_1_42' title='bbox 726 1625 883 1689; x_wconf 81' lang='lat' dir='ltr'><strong>suprema,</strong></span> 
     </span>
    </p>

    <p class='ocr_par' dir='ltr' id='par_1_9' title="bbox 224 1705 757 1870">
     <span class='ocr_line' id='line_1_11' title="bbox 224 1705 757 1793; baseline -0.006 -21"><span class='ocrx_word' id='word_1_43' title='bbox 224 1712 337 1774; x_wconf 84' lang='lat' dir='ltr'><strong>Alitum</strong></span> <span class='ocrx_word' id='word_1_44' title='bbox 360 1708 425 1770; x_wconf 84' lang='lat' dir='ltr'><strong>ritu</strong></span> <span class='ocrx_word' id='word_1_45' title='bbox 446 1706 530 1771; x_wconf 79' lang='lat' dir='ltr'><strong>volat</strong></span> <span class='ocrx_word' id='word_1_46' title='bbox 553 1721 586 1769; x_wconf 84' lang='lat' dir='ltr'><strong>et</strong></span> <span class='ocrx_word' id='word_1_47' title='bbox 608 1705 757 1793; x_wconf 80' lang='lat' dir='ltr'>sagittae:</span> 
     </span>
     <span class='ocr_line' id='line_1_12' title="bbox 470 1805 710 1870; baseline -0.013 0"><span class='ocrx_word' id='word_1_48' title='bbox 470 1807 584 1870; x_wconf 84' lang='lat' dir='ltr'><strong>Ultima</strong></span> <span class='ocrx_word' id='word_1_49' title='bbox 607 1805 710 1869; x_wconf 79' lang='lat' dir='ltr'><strong>stabit.</strong></span> 
     </span>
    </p>

    <p class='ocr_par' dir='ltr' id='par_1_10' title="bbox 220 1907 760 1983">
     <span class='ocr_line' id='line_1_13' title="bbox 220 1907 760 1983; baseline -0.002 -11"><span class='ocrx_word' id='word_1_50' title='bbox 220 1914 318 1975; x_wconf 81' lang='lat' dir='ltr'><strong>Durat</strong></span> <span class='ocrx_word' id='word_1_51' title='bbox 340 1910 373 1971; x_wconf 89' lang='lat' dir='ltr'><strong>in</strong></span> <span class='ocrx_word' id='word_1_52' title='bbox 397 1908 471 1972; x_wconf 80' lang='lat' dir='ltr'><strong>satis</strong></span> <span class='ocrx_word' id='word_1_53' title='bbox 490 1910 590 1971; x_wconf 81' lang='lat' dir='ltr'><strong>semel</strong></span> <span class='ocrx_word' id='word_1_54' title='bbox 612 1907 760 1983; x_wconf 84' lang='lat' dir='ltr'><strong>interire,</strong></span> 
     </span>
    </p>

    <p class='ocr_par' dir='ltr' id='par_1_11' title="bbox 219 2008 813 2094">
     <span class='ocr_line' id='line_1_14' title="bbox 219 2008 813 2094; baseline -0.003 -21"><span class='ocrx_word' id='word_1_55' title='bbox 219 2015 319 2075; x_wconf 82' lang='lat' dir='ltr'><strong>Durat</strong></span> <span class='ocrx_word' id='word_1_56' title='bbox 341 2011 405 2073; x_wconf 90' lang='lat' dir='ltr'><strong>hoc</strong></span> <span class='ocrx_word' id='word_1_57' title='bbox 427 2031 542 2090; x_wconf 83' lang='lat' dir='ltr'><strong>unum3</strong></span> <span class='ocrx_word' id='word_1_58' title='bbox 565 2008 731 2072; x_wconf 87' lang='lat' dir='ltr'><strong>subeuntis</strong></span> <span class='ocrx_word' id='word_1_59' title='bbox 750 2009 813 2094; x_wconf 82' lang='lat' dir='ltr'><strong>ipsi</strong></span> 
     </span>
    </p>
   </div>
   <div class='ocr_carea' id='block_1_6' title="bbox 217 2111 910 3515">
    <p class='ocr_par' dir='ltr' id='par_1_12' title="bbox 218 2111 775 2277">
     <span class='ocr_line' id='line_1_15' title="bbox 218 2111 775 2195; baseline -0.002 -21"><span class='ocrx_word' id='word_1_60' title='bbox 218 2116 251 2175; x_wconf 88' lang='lat' dir='ltr'><strong>ln</strong></span> <span class='ocrx_word' id='word_1_61' title='bbox 270 2115 344 2177; x_wconf 88' lang='lat' dir='ltr'><strong>sinu</strong></span> <span class='ocrx_word' id='word_1_62' title='bbox 367 2132 492 2174; x_wconf 79' lang='lat' dir='ltr'><strong>causum</strong></span> <span class='ocrx_word' id='word_1_63' title='bbox 514 2111 641 2195; x_wconf 80' lang='lat' dir='ltr'><strong>geniale</strong></span> <span class='ocrx_word' id='word_1_64' title='bbox 661 2113 775 2174; x_wconf 81' lang='lat' dir='ltr'><strong>mortio</strong></span> 
     </span>
     <span class='ocr_line' id='line_1_16' title="bbox 471 2212 773 2277; baseline -0.003 -2"><span class='ocrx_word' id='word_1_65' title='bbox 471 2215 587 2275; x_wconf 86' lang='lat' dir='ltr'><strong>Semeu</strong></span> <span class='ocrx_word' id='word_1_66' title='bbox 611 2212 773 2277; x_wconf 78' lang='lat' dir='ltr'><strong>habemus.</strong></span> 
     </span>
    </p>

    <p class='ocr_par' dir='ltr' id='par_1_13' title="bbox 217 2316 669 2379">
     <span class='ocr_line' id='line_1_17' title="bbox 217 2316 669 2379; baseline 0 -2"><span class='ocrx_word' id='word_1_67' title='bbox 217 2318 268 2379; x_wconf 80' lang='lat' dir='ltr'>Illa</span> <span class='ocrx_word' id='word_1_68' title='bbox 290 2331 424 2378; x_wconf 82' lang='lat' dir='ltr'><strong>naturae</strong></span> <span class='ocrx_word' id='word_1_69' title='bbox 447 2316 564 2377; x_wconf 81' lang='lat' dir='ltr'><strong>sociatu</strong></span> <span class='ocrx_word' id='word_1_70' title='bbox 585 2336 669 2379; x_wconf 85' lang='lat' dir='ltr'><strong>nexu</strong></span> 
     </span>
    </p>

    <p class='ocr_par' dir='ltr' id='par_1_14' title="bbox 219 2417 904 2501">
     <span class='ocr_line' id='line_1_18' title="bbox 219 2417 904 2501; baseline -0.004 -20"><span class='ocrx_word' id='word_1_71' title='bbox 219 2422 341 2501; x_wconf 82' lang='lat' dir='ltr'><strong>Corpus</strong></span> <span class='ocrx_word' id='word_1_72' title='bbox 364 2417 427 2479; x_wconf 87' lang='lat' dir='ltr'><strong>hue</strong></span> <span class='ocrx_word' id='word_1_73' title='bbox 449 2417 549 2479; x_wconf 80' lang='lat' dir='ltr'><strong>instar</strong></span> <span class='ocrx_word' id='word_1_74' title='bbox 571 2419 741 2482; x_wconf 76' lang='lat' dir='ltr'><strong>comitatur</strong></span> <span class='ocrx_word' id='word_1_75' title='bbox 760 2420 904 2481; x_wconf 78' lang='lat' dir='ltr'><strong>umbrae.</strong></span> 
     </span>
    </p>

    <p class='ocr_par' dir='ltr' id='par_1_15' title="bbox 218 2518 910 2705">
     <span class='ocr_line' id='line_1_19' title="bbox 218 2518 910 2604; baseline -0.01 -17"><span class='ocrx_word' id='word_1_76' title='bbox 218 2522 393 2604; x_wconf 78' lang='lat' dir='ltr'><strong>vesperum</strong></span> <span class='ocrx_word' id='word_1_77' title='bbox 417 2518 523 2584; x_wconf 73' lang='lat' dir='ltr'><strong>vivis?</strong></span> <span class='ocrx_word' id='word_1_78' title='bbox 545 2518 580 2581; x_wconf 86' lang='lat' dir='ltr'><strong>fir</strong></span> <span class='ocrx_word' id='word_1_79' title='bbox 601 2533 633 2583; x_wconf 84' lang='lat' dir='ltr'><strong>et</strong></span> <span class='ocrx_word' id='word_1_80' title='bbox 655 2520 768 2583; x_wconf 84' lang='lat' dir='ltr'><strong>umbra</strong></span> <span class='ocrx_word' id='word_1_81' title='bbox 789 2520 910 2598; x_wconf 79' lang='lat' dir='ltr'><strong>mui0r3</strong></span> 
     </span>
     <span class='ocr_line' id='line_1_20' title="bbox 465 2620 725 2705; baseline 0.012 -24"><span class='ocrx_word' id='word_1_82' title='bbox 465 2620 615 2705; x_wconf 89' lang='lat' dir='ltr'><strong>Denique</strong></span> <span class='ocrx_word' id='word_1_83' title='bbox 638 2642 725 2697; x_wconf 80' lang='lat' dir='ltr'><strong>veru,</strong></span> 
     </span>
    </p>

    <p class='ocr_par' dir='ltr' id='par_1_16' title="bbox 220 2718 824 2821">
     <span class='ocr_line' id='line_1_21' title="bbox 220 2718 824 2821; baseline 0.003 -36"><span class='ocrx_word' id='word_1_84' title='bbox 220 2722 326 2821; x_wconf 77' lang='lat' dir='ltr'><strong>Qualis</strong></span> <span class='ocrx_word' id='word_1_85' title='bbox 350 2718 473 2783; x_wconf 76' lang='lat' dir='ltr'><strong>effosso</strong></span> <span class='ocrx_word' id='word_1_86' title='bbox 496 2721 640 2805; x_wconf 80' lang='lat' dir='ltr'><strong>graditur</strong></span> <span class='ocrx_word' id='word_1_87' title='bbox 662 2724 824 2807; x_wconf 82' lang='lat' dir='ltr'><strong>sepulcro,</strong></span> 
     </span>
    </p>

    <p class='ocr_par' dir='ltr' id='par_1_17' title="bbox 218 2823 854 2920">
     <span class='ocr_line' id='line_1_22' title="bbox 218 2823 854 2920; baseline 0.003 -33"><span class='ocrx_word' id='word_1_88' title='bbox 218 2825 326 2920; x_wconf 75' lang='lat' dir='ltr'><strong>Qualis</strong></span> <span class='ocrx_word' id='word_1_89' title='bbox 352 2836 384 2884; x_wconf 91' lang='lat' dir='ltr'><strong>et</strong></span> <span class='ocrx_word' id='word_1_90' title='bbox 405 2824 526 2885; x_wconf 83' lang='lat' dir='ltr'><strong>muneis</strong></span> <span class='ocrx_word' id='word_1_91' title='bbox 548 2823 630 2886; x_wconf 77' lang='lat' dir='ltr'><strong>levis</strong></span> <span class='ocrx_word' id='word_1_92' title='bbox 652 2826 737 2887; x_wconf 87' lang='lat' dir='ltr'><strong>inter</strong></span> <span class='ocrx_word' id='word_1_93' title='bbox 759 2841 854 2889; x_wconf 85' lang='lat' dir='ltr'><strong>errat.</strong></span> 
     </span>
    </p>

    <p class='ocr_par' dir='ltr' id='par_1_18' title="bbox 220 2922 846 3108">
     <span class='ocr_line' id='line_1_23' title="bbox 220 2922 846 3007; baseline 0.005 -20"><span class='ocrx_word' id='word_1_94' title='bbox 220 2930 281 2989; x_wconf 85' lang='lat' dir='ltr'><strong>Ter</strong></span> <span class='ocrx_word' id='word_1_95' title='bbox 304 2922 367 2986; x_wconf 88' lang='lat' dir='ltr'><strong>fuit</strong></span> <span class='ocrx_word' id='word_1_96' title='bbox 387 2944 544 3007; x_wconf 76' lang='lat' dir='ltr'><strong>praeceps</strong></span> <span class='ocrx_word' id='word_1_97' title='bbox 563 2924 725 2989; x_wconf 84' lang='lat' dir='ltr'><strong>hiemante</strong></span> <span class='ocrx_word' id='word_1_98' title='bbox 747 2928 846 2991; x_wconf 81' lang='lat' dir='ltr'><strong>barba</strong></span> 
     </span>
     <span class='ocr_line' id='line_1_24' title="bbox 463 3026 732 3108; baseline 0.015 -21"><span class='ocrx_word' id='word_1_99' title='bbox 463 3026 609 3090; x_wconf 83' lang='lat' dir='ltr'><strong>Nestoris</strong></span> <span class='ocrx_word' id='word_1_100' title='bbox 631 3042 732 3108; x_wconf 79' lang='lat' dir='ltr'><strong>aetas3</strong></span> 
     </span>
    </p>

    <p class='ocr_par' dir='ltr' id='par_1_19' title="bbox 220 3126 792 3215">
     <span class='ocr_line' id='line_1_25' title="bbox 220 3126 792 3215; baseline 0.007 -26"><span class='ocrx_word' id='word_1_101' title='bbox 220 3126 331 3193; x_wconf 78' lang='lat' dir='ltr'><strong>Mansit</strong></span> <span class='ocrx_word' id='word_1_102' title='bbox 353 3141 530 3189; x_wconf 85' lang='lat' dir='ltr'><strong>extremum</strong></span> <span class='ocrx_word' id='word_1_103' title='bbox 553 3126 658 3191; x_wconf 88' lang='lat' dir='ltr'><strong>solido</strong></span> <span class='ocrx_word' id='word_1_104' title='bbox 681 3132 792 3215; x_wconf 79' lang='lat' dir='ltr'><strong>rigore</strong></span> 
     </span>
    </p>

    <p class='ocr_par' dir='ltr' id='par_1_20' title="bbox 221 3229 849 3313">
     <span class='ocr_line' id='line_1_26' title="bbox 221 3229 849 3313; baseline 0 -22"><span class='ocrx_word' id='word_1_105' title='bbox 221 3232 336 3304; x_wconf 85' lang='lat' dir='ltr'><strong>Curva,</strong></span> <span class='ocrx_word' id='word_1_106' title='bbox 358 3248 420 3290; x_wconf 88' lang='lat' dir='ltr'><strong>nec</strong></span> <span class='ocrx_word' id='word_1_107' title='bbox 439 3229 578 3311; x_wconf 86' lang='lat' dir='ltr'><strong>primum</strong></span> <span class='ocrx_word' id='word_1_108' title='bbox 598 3232 703 3313; x_wconf 87' lang='lat' dir='ltr'><strong>potuit</strong></span> <span class='ocrx_word' id='word_1_109' title='bbox 722 3230 849 3293; x_wconf 83' lang='lat' dir='ltr'><strong>reflecti</strong></span> 
     </span>
    </p>

    <p class='ocr_par' dir='ltr' id='par_1_21' title="bbox 220 3326 888 3515">
     <span class='ocr_line' id='line_1_27' title="bbox 220 3326 888 3416; baseline 0.004 -24"><span class='ocrx_word' id='word_1_110' title='bbox 220 3332 329 3395; x_wconf 81' lang='lat' dir='ltr'><strong>Nestor</strong></span> <span class='ocrx_word' id='word_1_111' title='bbox 348 3331 384 3392; x_wconf 90' lang='lat' dir='ltr'><strong>iu</strong></span> <span class='ocrx_word' id='word_1_112' title='bbox 405 3326 521 3393; x_wconf 86' lang='lat' dir='ltr'><strong>florem</strong></span> <span class='ocrx_word' id='word_1_113' title='bbox 545 3333 747 3416; x_wconf 87' lang='lat' dir='ltr'><strong>tremuloque</strong></span> <span class='ocrx_word' id='word_1_114' title='bbox 768 3331 888 3396; x_wconf 77' lang='lat' dir='ltr'><strong>fossam</strong></span> 
     </span>
     <span class='ocr_line' id='line_1_28' title="bbox 464 3431 746 3515; baseline -0.014 -16"><span class='ocrx_word' id='word_1_115' title='bbox 464 3431 598 3499; x_wconf 86' lang='lat' dir='ltr'><strong>Vertiee</strong></span> <span class='ocrx_word' id='word_1_116' title='bbox 620 3433 746 3515; x_wconf 80' lang='lat' dir='ltr'><strong>plausit.</strong></span> 
     </span>
    </p>
   </div>
   <div class='ocr_carea' id='block_1_7' title="bbox 0 0 1304 4284">
    <p class='ocr_par' dir='ltr' id='par_1_22' title="bbox 0 0 1304 4284">
     <span class='ocr_line' id='line_1_29' title="bbox 0 0 1304 4284; baseline 0 6"><span class='ocrx_word' id='word_1_117' title='bbox 0 0 1304 4284; x_wconf 95' lang='lat' dir='ltr'><strong> </strong></span> 
     </span>
    </p>
   </div>
  </div>
 </body>
</html>
