2600 4284
249 523 313 593 340
571 507 673 572 Jaoobi
689 504 778 563 Baldo

244 700 312 761 Nee
322 708 427 757 tamen
437 685 569 751 alterius
582 695 754 749 monstrata
763 678 883 747 eoloris
892 678 998 765 imago
1014 695 1065 745 eat

185 844 193 855 .
262 859 266 870 ¹
328 789 546 857 Dissimiltsve
568 786 638 849 tibi.

246 902 309 963 lata
321 915 448 983 quoque
463 893 629 953 incensum
641 884 734 949 corvi
752 882 926 970 nigredine
945 884 1080 965 crinem,
1096 898 1134 953 ³5

332 1000 465 1062 Caetera
487 992 587 1057 oloris
608 987 713 1051 habet

244 1104 327 1167 Num
358 1115 411 1165 tua
432 1099 473 1161 sit
493 1094 603 1169 facies,
629 1113 670 1155 an
686 1112 752 1156 non
768 1105 829 1167 tua,
851 1091 979 1160 nesoiot
1003 1092 1099 1157 talem

332 1200 476 1265 Turbida
497 1196 602 1262 vibrat
624 1213 715 1278 aqua.

247 1304 362 1369 Amnis
378 1303 435 1367 nbi
451 1313 536 1365 moto
557 1294 767 1378 resplendent
786 1293 945 1380 fragmina
956 1294 1055 1372 vitro,

330 1410 448 1481 Frons,
475 1422 566 1488 gena,
591 1419 687 1460 nasus
708 1396 798 1461 hiant
1100 1400 1134 1453 40

248 1511 356 1596 Atque
378 1508 495 1571 iterum
517 1516 646 1577 coeunt,
669 1498 787 1566 iterum
807 1497 909 1566 diviua
933 1499 1101 1573 resultant,

334 1612 377 1673 Ut
397 1608 477 1674 levis
499 1629 575 1669 aura
596 1618 719 1670 moneta
817 1663 820 1668 ,
1044 1578 1050 1589 ’

250 1712 314 1781 sed
331 1733 438 1798 neque
454 1721 652 1774 constantem
662 1708 752 1771 lieuit
765 1722 964 1792 pernoscere
983 1704 1102 1771 vultum

338 1813 536 1898 Impediente
559 1810 630 1874 deo.
669 1848 673 1855 .

254 1921 396 2004 Cumque
407 1911 659 1997 oculospropius
668 1906 945 1995 vellemdefigere,
969 1910 1047 1975 risit
1104 1920 1136 1973 45

335 2018 559 2105 opposuitque
582 2038 718 2077 manum.
1075 2020 1077 2027 '

412 2242 473 2307 Aul
492 2238 722 2305 Florianum
742 2234 960 2299 Wotolum·

461 2386 560 2439 Motae
583 2378 772 2434 conectenttae
794 2390 896 2443 poena.

553 2508 584 2572 0
605 2510 636 2569 D
659 2509 689 2569 Ε
726 2504 812 2567 xlx.

296 2648 400 2733 Nolis
421 2666 548 2732 beatum
569 2666 681 2729 <licere
703 2663 837 2727 divitem

300 2770 542 2866 Quemcunque,
563 2767 692 2842 Wolci‚
719 2764 777 2829 sub
800 2759 900 2826 nitida
921 2774 995 2824 cute

341 2874 514 2935 Tormenta
537 2883 711 2956 gestantem
732 2863 909 2951 profunda:

384 2973 490 3037 Omne
513 2972 617 3035 scelus
638 2970 719 3033 furit
740 2968 775 3030 in
798 2966 975 3031 scelestum.

302 3111 415 3195 Iniqua
435 3131 526 3173 mens
547 3134 564 3174 a
586 3131 622 3175 ee
643 3108 735 3195 priua
757 3104 857 3191 exigit

302 3216 427 3277 Poenae
448 3210 615 3275 noeenteis
638 3224 672 3273 et
690 3208 836 3272 Nemesis
858 3206 921 3270 sibi

344 3317 397 3381 Fit
418 3314 495 3397 ipsa.
520 3314 599 3381 Nam
621 3333 685 3395 quo
707 3313 787 3373 laeta
810 3308 929 3373 dormit

387 3414 486 3494 Culpa
506 3410 601 3475 toro?
623 3411 740 3495 quibus
763 3423 814 3473 aut
837 3409 955 3477 veneni
