2600 4284
295 507 343 578 66·
605 497 823 556 Annomtionet.

295 675 352 731 hoa
372 673 461 730 moris
478 669 626 728 habendis.
638 673 677 718 ’-
697 689 726 730 v.
739 677 765 730 t.
780 671 874 736 nmis,
891 667 980 726 Nerei
1000 683 1085 722 uxor
1107 675 1154 720 ent

296 759 363 826 fitia,
382 759 508 830 nympha
519 756 645 824 marina3
666 763 783 811 caerula
797 760 920 813 Doridos
935 771 993 826 pro
1008 753 1094 818 lacu,
1113 769 1150 806 ae.

300 844 440 904 Chiemio.
450 869 485 883 -
501 859 530 898 v.
544 849 587 900 11.
600 841 758 921 Quotannis
775 851 879 914 poeta,
904 840 968 894 viso
993 838 1153 911 oppidulo,

297 928 429 984 navicula
445 938 564 984 tranare
576 927 671 982 laeum
683 941 809 999 quercea
822 936 851 982 et
861 941 968 980 annosa
980 924 1112 978 solebat.
1121 949 1152 964 -

297 1020 376 1070 v.15.
388 1011 478 1087 stprf.
490 1010 776 1080 Parabsatomonis,
796 1027 857 1083 oap.
877 1016 978 1079 auu:
998 1012 1093 1064 Facta
1113 1017 1153 1062 est

300 1098 381 1171 quasi
397 1097 477 1153 navia
498 1096 686 1152 institoriade
704 1096 790 1170 longe
803 1105 920 1168 portans
929 1111 1036 1168 panem
1055 1109 1151 1150 suunt.

297 1183 331 1240 Et
348 1181 401 1240 od.
417 1183 529 1249 11,1.-
544 1189 622 1240 v.22.
642 1184 774 1238 Nostrum
790 1188 920 1250 stuprum
932 1182 961 1236 h.
976 1198 1002 1235 e.
1020 1179 1086 1234 rita
1102 1181 1153 1234 lau·

298 1283 381 1321 mana
399 1265 538 1322 fluctuum
555 1285 588 1322 ao
605 1267 802 1338 procellarum
818 1267 911 1338 plena.
926 1299 960 1314 -
979 1284 1010 1321 v.
1022 1271 1070 1323 23.
1095 1264 1151 1324 Sit,

299 1350 416 1474 oblisolr.
424 1350 479 1408 od.
487 1354 509 1417 1,
520 1355 626 1411 ³.-·V.
639 1351 689 1406 ult.
700 1355 852 1420 Cymodoce
861 1350 986 1423 nympha
1000 1367 1091 1416 man,
1099 1352 1151 1406 h'e·

299 1438 344 1476 rer
374 1437 430 1478 rra.

370 1503 447 1560 oda
464 1506 530 1563 xtt.
550 1512 609 1564 nt.
627 1510 716 1562 stoue
730 1505 915 1578 velportirus
926 1505 1053 1560 Athenis
1070 1513 1152 1560 erant

298 1587 411 1661 plures,
431 1607 553 1662 quarum
580 1607 637 1644 una
663 1591 693 1644 in
716 1591 817 1664 primis
845 1590 964 1644 illustria
988 1589 1151 1646 vocabatur

300 1673 422 1748 pulchra
442 1671 568 1743 (ποικίλη
586 1691 625 1728 sc.
644 1677 744 1746 στοά),
769 1675 800 1728 in
825 1692 882 1748 qua
906 1677 985 1730 Zeno
1013 1677 1151 1732 Cittiaeus

304 1757 393 1831 Cypri
411 1759 521 1814 insulae
539 1766 607 1828 (nat.
621 1768 672 1820 340
688 1781 711 1820 a.
731 1760 813 1825 Chr.)
833 1759 967 1828 docebat,
989 1760 1074 1816 unde
1093 1762 1150 1818 eius

300 1854 377 1897 secta
396 1855 425 1899 et
436 1845 620 1918 philosophia
634 1846 710 1901 dicta
727 1858 769 1902 est
781 1846 888 1901 Stoica.
910 1847 1094 1922 Antiquitata
1106 1865 1150 1920 ap·

299 1927 428 2000 pellatur
450 1931 564 1986 foetens
583 1943 611 1987 et
631 1931 795 1988 incuria-
812 1952 840 1990 v.
853 1938 1064 1990 2.Deucntr‘orte
1080 1939 1148 1998 suti,

301 2013 321 2070 i.
335 2029 360 2069 e.
380 2012 487 2069 durum
510 2027 538 2070 et
555 2016 767 2090 quodammodo
791 2034 907 2074 saxeum
927 2034 1030 2090 genus.
1058 2019 1146 2074 Huius

301 2097 466 2154 Thessaliae
483 2102 560 2176 regis
579 2101 707 2157 fabulam
724 2102 795 2160 canit
810 2100 894 2160 Ovid.
908 2102 978 2158 Met.
989 2105 1013 2166 1,
1027 2109 1145 2176 aihrqq·

303 2181 338 2235 of.
349 2182 404 2241 Od.
414 2187 541 2253 lustau.
557 2187 689 2242 Priorem
702 2207 727 2245 v.
742 2199 820 2242 stoae
832 2186 968 2258 syllabam
983 2188 1146 2260 producere

302 2269 377 2324 solet
393 2282 489 2343 poeta.
511 2273 554 2332 Cf.
570 2278 723 2340 tt‚21.2a,
737 2281 760 2332 1.
776 2279 800 2330 3.
818 2271 869 2328 Erl.
884 2275 998 2328 Monac.
1011 2275 1046 2330 ll.
1061 2273 1144 2328 corri-

303 2355 358 2427 git:
377 2353 508 2410 latebrae
527 2356 681 2416 foetentes.
693 2361 822 2414 Frustra.
842 2357 887 2412 An
897 2357 1016 2412 Baldaei
1030 2369 1074 2414 est
1089 2376 1144 2412 cor·

303 2437 419 2493 rectio?
435 2469 468 2480 -
485 2459 513 2493 v.
524 2447 549 2498 4.
570 2445 679 2510 (lappas
698 2443 830 2498 conditor
855 2452 883 2497 et
905 2460 955 2498 rer
972 2443 1143 2510 Thebarum,

305 2540 365 2595 quo
375 2535 513 2596 regnante
524 2523 621 2595 ingens
636 2523 666 2577 in
676 2525 819 2582 Thessalia
833 2527 976 2582 diluvium
989 2526 1077 2584 fuisse
1087 2547 1145 2602 per·

305 2606 433 2663 hibetur.
450 2643 483 2653 -
500 2628 526 2667 v.
539 2616 564 2668 5.
582 2611 734 2678 Amptton,
759 2613 835 2668 Iovis
861 2630 896 2668 ex
914 2611 1045 2686 Antiopa
1069 2613 1144 2680 lilius,

305 2709 358 2746 rex
375 2691 550 2760 Thebarum,
569 2712 634 2749 oum
653 2697 732 2754 urbis
750 2697 864 2752 moenia
883 2696 1093 2766 conderentur,
1112 2699 1144 2752 ri-

303 2775 388 2832 thara
406 2777 478 2832 adeo
500 2776 626 2833 suaviter
645 2779 757 2853 cecinit,
781 2793 814 2838 ut
830 2800 894 2838 saxa
906 2797 1096 2842 accurrerent
1108 2787 1144 2842 ul·

304 2868 352 2916 tro
370 2860 459 2933 inque
475 2881 628 2918 murorum
646 2864 707 2936 ipsa
719 2883 749 2920 se
762 2865 948 2940 disponerent
958 2869 1144 2928 ambitum.-

304 2964 331 3003 v.
347 2951 388 3002 16.
411 2953 523 3016 Vipenty
543 2946 580 3002 ef.
594 2947 787 3005 Tertullianus
807 2950 841 3006 de
860 2952 973 3008 Anima:
993 2969 1086 3028 prout
1102 2969 1144 3012 aut

303 3029 432 3084 Platonis
444 3032 549 3095 honor,
567 3045 617 3088 aut
625 3034 748 3090 Zenonis
760 3035 853 3108 vigor,
872 3049 922 3093 aut
934 3040 1099 3098 Aristotelis
1110 3055 1143 3100 te·

305 3129 372 3180 nor,
391 3127 440 3170 aut
459 3116 610 3191 Chrysippi
628 3129 741 3192 stupor,
760 3133 810 3177 aut
827 3124 964 3181 Heracliti
985 3145 1144 3186 moeror.-

304 3202 382 3252 r.17.
403 3203 532 3270 Praenes,
550 3201 654 3257 nobilis
671 3203 778 3259 familia
796 3207 932 3274 Romana,
956 3212 1026 3270 inde
1039 3215 1143 3272 aNunu

303 3279 446 3356 Pompilio
459 3285 596 3344 ducentes
609 3299 708 3346 ortum
724 3293 960 3370 superstitiosius.
984 3307 1071 3370 t'erpt
1081 3301 1106 3360 b.
1120 3319 1141 3358 e.
