2600 4284
365 506 539 575 Lyricorum
555 504 622 558 nib.
642 508 664 559 l.
685 510 726 560 ll.
744 510 786 561 42.
982 506 1021 575 81

200 681 328 776 Qualem
346 679 478 740 trisulca
499 678 697 760 terrigenam
720 678 792 739 ioht
873 684 877 691 ’

197 783 323 842 laetum
345 793 377 841 et
397 779 551 862 Pelasgos
571 778 662 839 mille
682 777 839 840 volumino

235 881 408 962 spiratque
428 898 489 963 per
510 877 607 941 saltus
626 878 806 941 trahentem

276 980 439 1062 Explicuit
460 981 603 1062 capanea
625 978 729 1062 pinus.
991 968 1026 1020 ⁴⁰

200 1161 269 1233 loto,
294 1158 450 1253 Quirites,
474 1178 509 1221 ee
528 1154 648 1240 probet
671 1156 791 1220 aemula

198 1260 336 1319 Ductore
357 1259 459 1321 virtus
479 1272 512 1321 et
535 1255 662 1339 gladios
682 1254 768 1318 velut

237 1355 287 1417 td
309 1371 513 1421 enovaturam
540 1371 669 1419 retusos

277 1462 415 1523 Emouat
436 1456 579 1521 rediviva
602 1470 716 1522 cotem.

224 1814 282 1874 Ao
300 1813 563 1875 wilibaldum
582 1814 915 1877 Ehrenmatmnm·

166 1961 195 2012 Se
205 1964 331 2028 lancem
348 1968 383 2017 ι).
407 1964 534 2031 Vtrqtnle
554 1967 649 2015 vatem
666 1967 694 2017 et
710 1966 901 2019 encomiasten
918 1963 990 2027 fore.

450 2124 480 2186 Ο
492 2126 523 2186 D
538 2124 566 2184 E
594 2125 691 2186 XLII.

193 2305 260 2383 Est
280 2336 313 2383 et
335 2320 401 2383 hoo
421 2338 548 2393 nomen,
569 2316 757 2395 Wilibalde,
782 2320 875 2382 tanti:
964 2309 968 2320 ’

194 2425 240 2483 lle
259 2443 351 2485 suum
371 2420 476 2505 Virgo
498 2420 588 2481 iubet
609 2440 681 2482 esse
702 2436 825 2497 vatem3

196 2523 290 2605 Virgo
312 2524 452 2585 cantanti
474 2522 596 2585 Galilea
617 2519 744 2583 molleis

442 2623 593 2706 Applicat
613 2621 730 2686 aureis.

200 2722 247 2784 llln
268 2744 408 2787 versuro
429 2723 525 2785 lituos
550 2723 584 2784 in
605 2720 741 2797 hostem,

199 2824 280 2885 liitte
303 2824 421 2886 sectari
436 2822 531 2885 modo
549 2836 660 2898 castra,
688 2821 780 2899 dixit,

200 2922 304 3009 Strage
327 2922 491 2986 deformes
511 2924 574 2987 alio
596 2923 742 3007 loqueris

439 3029 602 3107 Tempore
622 3044 760 3108 pugnas:

196 3124 276 3186 Nunc
296 3138 403 3187 tamen
423 3126 509 3189 mitis
531 3125 612 3186 nihil
632 3125 776 3211 inquieto

197 3222 316 3288 Debeoe
334 3226 439 3288 Marti.
489 3225 539 3287 sit
561 3227 645 3289 oliva
665 3227 757 3287 lauro
988 3263 1019 3311 ,ο

204 3326 292 3399 Nem,
314 3348 379 3390 non
396 3346 536 3405 cornus3
559 3326 719 3390 volucreis
742 3329 865 3411 capillis

436 3428 581 3489 Detrahe
605 3426 727 3487 cristas.

783 3527 798 3575 6
