2600 4284
620 529 722 587 Jacebi
743 528 832 586 sats·
892 597 896 604 Ι

339 701 432 763 Nulla
451 719 516 764 uon
538 713 622 764 setas
642 700 828 764 moderante
850 716 979 763 cursum

340 802 465 886 indiget
484 799 594 864 freno:
621 799 772 864 socienda
796 800 844 864 ris
866 813 925 864 est.

341 905 452 966 Tutius
472 904 560 968 nevis
582 902 711 986 gemine
731 923 792 986 per
813 900 912 966 undas

592 1003 728 1086 Remige
751 1004 864 1068 currit.

340 1113 463 1177 Parvus
484 1122 517 1174 et
536 1102 679 1168 nendum
701 1105 828 1170 variare
848 1108 951 1170 solers

342 1212 491 1296 Juppiter
511 1208 632 1270 fermus
655 1206 800 1271 timuisse
821 1224 955 1272 matrem

341 1315 458 1377 Fertur
481 1324 512 1374 et
533 1329 624 1374 caesa
645 1308 736 1372 rudis
758 1332 833 1373 susa
852 1311 964 1394 culpae
989 1371 993 1376 .

591 1410 682 1474 Pelle
706 1409 816 1474 luisse.

342 1518 430 1576 Tunc
452 1533 555 1586 soror,
578 1526 697 1574 tantum
721 1533 816 1576 soror
837 1533 907 1578 csse
928 1513 1006 1589 visu,

343 1615 435 1678 Serta
456 1611 605 1678 nectebat
626 1612 781 1696 placitura
801 1611 911 1690 fratri,

342 1719 450 1793 Facta,
472 1713 638 1780 custodem
662 1714 755 1777 simul
776 1717 962 1795 exemerit,

592 1816 742 1902 Denique
763 1817 889 1879 coniux.

344 1921 379 1984 Si
400 1919 469 1986 Iovi
490 1939 619 2002 semper
639 1917 804 2001 vigilasset
823 1920 941 2003 Argus,

341 2022 427 2083 Inter
449 2041 598 2104 aprorum
618 2017 947 2106 fruticets.nunqusm

342 2125 450 2206 Turpe
471 2133 638 2204 peccasset
660 2119 773 2181 vetitus
790 2120 932 2186 ferarum

591 2222 721 2284 Ducere
743 2221 857 2285 vultus.

342 2327 413 2386 Rex
434 2322 483 2386 sui
506 2321 586 2386 iuris
607 2319 801 2404 prohibente
823 2326 911 2390 nullo

345 2427 472 2488 Aureus
492 2422 592 2500 fluxit,
615 2422 678 2486 sibi
700 2424 835 2507 sumpsit
855 2429 928 2505 slus,

341 2525 431 2589 Arsit
447 2529 600 2609 Europen
622 2523 802 2609 mediisque
822 2540 929 2593 taurus

592 2625 708 2711 mugiit
729 2627 823 2691 undis
830 2651 839 2710 3

344 2729 417 2826 Quo
439 2748 500 2812 per
517 2727 657 2793 aestivos
675 2728 802 2812 puerile
825 2730 922 2794 soleis

343 2834 479 2893 Luserat
498 2829 575 2902 telo,
597 2830 648 2894 rir
670 2827 793 2892 adultus
815 2846 916 2894 atrum

345 2931 450 2999 Vertit
470 2930 504 2992 in
526 2929 647 2992 fulmen
668 2929 869 3015 proprioque
890 2931 970 2998 fecit

592 3031 742 3094 Fulmiue
763 3030 870 3115 digua.

341 3135 464 3214 Nempe
486 3129 617 3194 festinat
640 3151 723 3214 puer
745 3131 882 3198 interire

343 3234 470 3296 Pronus
491 3232 524 3294 in
546 3230 679 3314 lapsum,
700 3232 764 3296 uisi
786 3233 947 3302 fulcietur.

340 3333 445 3397 Altius
465 3347 597 3417 serpunt
617 3333 759 3400 hederae
779 3337 893 3403 marita

593 3435 671 3498 llice
691 3438 794 3528 pirae.
