2600 4284
422 494 596 567 Lyricorum
611 492 675 549 Lib.
693 494 743 552 lV·
761 500 786 551 l·
993 499 1057 569 309

229 668 374 731 Emissum
396 665 529 729 stabulis
550 684 668 749 pecue3

265 774 325 831 lam
344 767 466 832 florent
486 768 618 845 salices;
644 768 744 832 scissa
766 788 882 833 recens
904 771 979 847 tuis,

228 872 331 955 Virgo,
353 870 476 935 serviet
496 868 607 929 usibus
1026 885 1056 937 15

262 973 414 1055 Exempto
435 968 551 1031 viridis
572 969 694 1033 cortice
717 968 831 1033 fistulo.

226 1076 296 1135 Nam
317 1074 369 1135 cui
390 1072 531 1135 ludimus
553 1071 668 1135 alleri?

261 1176 323 1237 Aut
346 1196 428 1259 quac
450 1173 587 1257 nympha
609 1174 681 1237 cani
701 1173 832 1258 dignior
852 1177 972 1241 altera?

225 1282 268 1339 To
290 1277 401 1339 mundi
423 1278 518 1359 lepor
539 1290 571 1338 et
592 1273 691 1337 decus

258 1379 380 1441 Blando
404 1377 558 1451 concilias
580 1378 686 1439 omnia
701 1376 838 1443 foedere
1022 1398 1057 1449 20

222 1485 406 1565 Terraeque
427 1492 459 1541 et
480 1478 587 1563 pelagi
608 1492 725 1563 potens

258 1584 395 1664 Semper
413 1594 487 1647 vota
507 1580 611 1643 bonos
634 1581 726 1644 ducis
747 1583 787 1647 acl
808 1584 921 1659 exitus,

219 1688 383 1768 Nunquam
406 1681 543 1744 credere
567 1703 647 1766 quae
671 1684 757 1745 soles

259 1783 391 1847 Periuri
413 1783 541 1847 levibus
562 1782 713 1846 ludibriis
727 1786 811 1849 Noli.

220 1887 248 1951 Ο
269 1886 403 1949 moestis
425 1886 573 1949 columen
594 1886 672 1957 reis,

256 1990 286 2053 Ο
315 1986 486 2071 tranquilla
508 1988 599 2071 quies
620 2002 652 2051 et
673 1987 887 2071 pereuntium,

221 2092 291 2186 Quo
315 2105 348 2152 te
372 2108 498 2172 cunque
520 2103 634 2153 vocant
656 2111 783 2175 preces,

258 2195 450 2275 Opportuna
471 2190 572 2257 salus!
595 2194 661 2254 Nos
683 2213 811 2277 quoquc
834 2194 954 2256 caeteri

219 2292 359 2375 Templis
380 2290 541 2375 Indigetes
556 2291 682 2355 iuvant:

260 2392 413 2457 Sed'non
433 2407 517 2455 tanta
536 2390 606 2455 ssuil
628 2394 677 2456 vis
699 2392 737 2454 ab
760 2392 888 2477 origine
1022 2408 1057 2459 ³0

220 2499 259 2559 Et
278 2491 470 2581 quandoque
490 2494 589 2557 trahit
608 2492 732 2568 vadum,

261 2600 430 2681 Apparent
454 2594 568 2657 mediis
589 2596 705 2659 tubera
726 2595 849 2660 rivulis.

221 2704 317 2775 Fons,
340 2699 453 2782 Virgo,
480 2711 551 2759 tuus
573 2696 679 2760 ellluit

260 2805 303 2865 Et
324 2814 413 2865 vasto
436 2800 568 2883 pelagus
588 2800 705 2864 circuit
725 2799 854 2861 ambitu.

223 2906 300 2968 Sunt
321 2902 411 2976 Divi,
433 2902 549 2985 quibus
569 2903 696 2985 agmina

263 3004 451 3088 Conspectis
472 3002 602 3086 fugiunt
618 3001 738 3086 pallida
759 3000 913 3076 febrium,

222 3110 354 3171 Fractac
375 3106 537 3169 dissiliunt
558 3105 649 3167 fores

262 3208 505 3293 Obstrictiaquc
526 3206 642 3270 cadum
662 3204 788 3269 vincula
809 3202 961 3267 brachiis.

222 3316 315 3375 Hunc
338 3332 472 3394 serpens
494 3308 584 3371 timet
605 3308 705 3380 ebria,

262 3415 355 3476 Illum
376 3413 531 3477 funereae
552 3412 651 3495 pestis
671 3407 838 3486 anhelitus,
