2600 4284
489 545 579 602 Liber
594 545 724 620 Epotlon.
744 553 770 607 7.
993 549 1058 621 419

166 715 229 777 llla
245 734 309 798 per
330 715 473 780 Alsatiae
496 718 635 781 celebris
656 719 874 803 pulcherrima
895 733 999 784 terras

259 817 401 894 (Ferunt
420 821 581 883 Tabernis
602 819 738 900 editam)
1022 825 1055 876 ¹0

166 916 308 985 Vicerat
328 920 487 1006 insigneis
507 921 632 986 formae
647 923 823 988 certamine
834 924 998 1010 nymphas,

255 1025 393 1086 Pomum
414 1024 558 1089 dedisset
578 1040 611 1088 et
630 1025 734 1089 Poris.

163 1126 322 1188 Accessit
341 1131 484 1191 Romana
504 1127 604 1190 decus
626 1127 775 1192 facundia
796 1128 927 1213 pulcrae

253 1231 438 1316 Pectusque
458 1231 589 1314 plenum
609 1229 758 1292 Palladis.

162 1334 249 1394 Nam
264 1347 360 1417 pater
381 1347 416 1396 et
432 1332 573 1417 genitrix
584 1333 675 1396 Latio
691 1351 840 1396 sermone
854 1331 1000 1395 solebant
1016 1332 1055 1390 le

254 1434 397 1498 Miscere
416 1432 515 1497 verba
534 1436 727 1498 Teutonums

162 1536 319 1636 Qualiter
340 1552 374 1600 et
392 1541 503 1599 Morus
525 1536 617 1600 datur
638 1538 818 1602 assuevisse
841 1535 1013 1599 Britannus

252 1639 355 1702 Musis
377 1638 486 1702 dicare
506 1637 599 1702 filias.

161 1742 327 1806 Tulliolae
349 1742 451 1805 Marci
470 1755 596 1827 poterat
616 1761 676 1825 par
697 1753 768 1804 uate
787 1740 895 1804 rideri

249 1848 417 1928 Materque
438 1866 497 1928 par
517 1845 701 1908 Terentiae.
1010 1843 1044 1897 ²⁰

159 1948 260 2010 Dicta
273 1959 379 2008 tamen
396 1945 524 2029 lepidae
537 1947 604 2012 tilia
616 1963 675 2025 est,
698 1969 763 2012 uon
773 1943 848 2020 filie,
871 1947 965 2009 matri

249 2047 390 2133 Totique
411 2063 484 2131 post
505 2048 654 2114 viciniae.

160 2151 198 2214 ld
207 2149 469 2236 vitiumlingnae,
491 2151 564 2236 quia
572 2151 680 2228 molle,
696 2151 830 2215 decebat
837 2165 1004 2234 utramque

244 2250 446 2316 Ludeutibus
467 2253 655 2337 praesagiis.

159 2356 255 2433 Filia,
278 2369 429 2418 mutatum
449 2353 531 2416 fecit
553 2354 605 2418 cui
626 2355 720 2418 litera
741 2375 868 2431 nomen,
1003 2357 1036 2410 ²⁵

246 2458 350 2524 Silvas
372 2454 494 2520 amabat
513 2455 619 2519 unice.
735 2461 739 2466 ’

160 2565 233 2626 Hoc
247 2579 378 2646 quoque
393 2558 435 2622 de
449 2557 544 2620 Divis
562 2557 632 2621 visa
646 2572 695 2621 cst
704 2554 854 2619 habuisse
866 2554 1001 2620 novenis

242 2666 375 2726 Novena
397 2660 463 2722 dici
484 2658 629 2744 digniora

161 2764 269 2831 Cruda
289 2763 444 2827 maritalis
463 2761 608 2825 flammae
630 2761 828 2847 glaciateque
850 2772 928 2824 voto

242 2867 457 2962 Quascunquc
477 2877 588 2930 contra
611 2862 747 2946 nuptias.
998 2858 1033 2913 ³⁰

161 2971 261 3054 Saepe
273 2989 391 3052 parens
410 2967 505 3032 ‹lixitt
527 2964 664 3062 Quando
679 2961 770 3026 dabis
792 2962 842 3024 lre
861 2973 997 3043 nepotes

240 3075 277 3134 ln
298 3084 407 3133 nostra
428 3089 550 3154 pronos
572 3066 703 3134 oscula?

162 3177 259 3259 Saepe
281 3172 452 3236 reluctanti
471 3171 604 3236 restitus
626 3168 740 3233 ‹letulit
760 3185 838 3229 euro

237 3281 310 3342 Non
332 3289 423 3359 grata
443 3277 518 3338 leno
538 3294 681 3336 munera.

161 3378 299 3446 Perstitit
317 3391 353 3440 ut
373 3397 471 3460 rupes
492 3376 623 3460 vimque
644 3383 789 3438 assueta
810 3368 940 3435 virilem
994 3363 1028 3418 ³5

236 3483 401 3566 vergente
422 3478 508 3564 fugit
529 3477 649 3541 sidere.

781 3593 833 3644 27·
