2600 4284
243 520 306 589 372
512 546 516 553 -
562 504 662 564 Jscebi
678 502 768 559 leds

288 688 390 784 Quam
413 703 483 747 eum
502 680 640 745 Sabaeas
655 676 798 761 iuppiter
818 692 933 739 eureus

288 790 403 854 Oleret
423 805 501 849 eres.
527 781 593 845 Sed
615 779 674 843 sibi
696 778 836 841 sanctius

331 888 434 952 Edico
454 888 564 960 issum,
593 880 674 945 Bois
695 882 815 964 pubesr

376 992 411 1053 Si
433 987 561 1053 modice
583 999 634 1047 tue
656 998 737 1045 tecrs
760 993 895 1064 sumptu,
930 992 936 1002 '
1117 992 1154 1044 ω

174 1232 180 1239 .
294 1181 423 1245 Minore
444 1177 538 1242 vitem
554 1174 685 1239 duxeris
707 1174 873 1257 integrum,

291 1282 415 1345 Maiore
436 1280 556 1343 Dirum
579 1277 697 1361 temple
718 1273 879 1338 refeceris

335 1389 420 1447 Tuus
440 1383 475 1445 in
497 1370 658 1464 impensus
679 1398 780 1451 erere,

380 1484 554 1569 Virginese
576 1497 680 1547 umen
700 1476 776 1541 inde
799 1474 894 1541 Matri

291 1655 377 1721 Hinc
398 1666 573 1740 purpurato
594 1650 729 1737 prodige
749 1646 880 1711 cercior
1108 1648 1148 1705 ⁴5

295 1758 408 1842 Aegis,
432 1775 562 1820 cresces
583 1788 622 1803 -
642 1756 784 1837 veraque
806 1746 958 1822 senseris,

337 1862 416 1923 Cum
438 1860 499 1923 ium
522 1857 679 1941 sepultum
702 1868 789 1919 terra
810 1848 937 1926 condet,

383 1960 522 2024 Aisatiee
544 1959 703 2023 cecinisse
726 1969 837 2021 vetem.

599 2108 755 2123 ἡ

515 2223 598 2291 OD
620 2223 648 2285 E
690 2221 838 2291 xxxvi.

535 2362 821 2433 Meluuehellu·

257 2497 404 2597 Semper
430 2531 492 2596 ege
516 2510 657 2576 inclusus
681 2513 860 2577 Germanae
880 2504 1000 2572 finibus
1026 2528 1103 2575 orae

344 2617 380 2676 ln
402 2618 523 2678 Bassus
545 2616 660 2678 tellure
684 2612 866 2679 senescsmi

258 2714 419 2780 Tristibus
441 2714 587 2799 imperiis
609 2715 713 2799 spatie
733 2715 911 2781 retinemur
932 2713 966 2777 in
987 2730 1079 2781 srcte

345 2820 388 2879 Et
409 2832 532 2879 curtum
558 2819 639 2881 mele
661 2816 826 2902 perdimus
853 2839 974 2884 uerum.

260 2920 360 3006 Atqui
382 2919 484 2986 vincis
505 2920 582 2983 licet
601 2934 697 3001 rupto
719 2918 898 2985 dissolvere
918 2918 1006 2984 uode
1122 2940 1138 2992 s

347 3024 388 3085 Et
408 3022 531 3085 clausus
553 3018 708 3083 diducere
729 3020 862 3085 turmis:

262 3123 440 3187 Graeculus
461 3120 623 3209 effugiens
645 3122 761 3207 eiiquis
784 3123 902 3187 Minois
922 3142 1026 3207 regna

347 3226 475 3287 Cerutss
498 3225 561 3288 sihi
583 3222 767 3309 sumpsere(
782 3224 856 3287 elus.

264 3324 330 3389 ded
349 3345 454 3408 neque
476 3326 619 3390 isiisceis
632 3340 745 3391 ventes
763 3338 887 3392 temere
903 3342 1039 3389 necesse
1056 3336 1105 3387 est

348 3424 501 3507 Lupercis
525 3446 622 3509 super
643 3447 782 3512 sequere
804 3428 929 3513 pennis.
1107 3438 1139 3492 w
