2600 4284
309 535 352 604 52
631 525 845 586 tnsnnimss.

308 685 407 744 tilntus
427 695 479 742 est
496 684 578 742 Suet.
591 685 628 740 V.
647 681 768 740 Galbae.
787 677 846 740 Sed
862 681 893 738 B.
904 691 969 738 ante
989 681 1100 742 oculos
1115 683 1159 740 bs·

309 771 408 828 buitse
425 769 543 825 uidetur
560 773 661 828 iuven.
679 768 737 824 sat.
751 771 831 838 vul,
845 774 875 826 ³:
896 779 924 824 et
941 767 1068 826 Galbam
1087 769 1159 824 suri

311 857 385 914 eulis
395 873 522 928 nasoque
535 843 699 920 carentem(
711 872 749 910 ec.
759 865 866 910 statuas
877 855 961 928 sulp.
974 854 1161 912 Galbaediu·

307 942 447 1000 turnitate
471 941 609 1012 temporis
634 938 797 994 imminutas
823 949 853 996 et
869 949 995 996 truncas.
1020 971 1054 982 -
1076 959 1106 994 v.
1119 948 1158 1000 bii.

310 1034 424 1096 Pauper
439 1031 542 1096 lbuctts
562 1024 661 1094 (sicl.)
679 1024 758 1080 venit
779 1024 809 1078 in
826 1025 1023 1098 proverbium
1037 1043 1074 1082 ex
1087 1029 1159 1082 Hor.

309 1112 362 1170 od.
373 1115 427 1178 tlt,
444 1119 484 1180 ts,
494 1119 517 1167 t.
527 1141 560 1156 ·-
578 1130 605 1167 v·
615 1119 656 1170 at.
679 1108 715 1165 ef.
726 1111 797 1165 lior.
808 1111 899 1184 Epist.
914 1116 937 1179 Ι,
950 1114 1012 1174 vlt,
1026 1117 1115 1170 2³.-
1132 1129 1159 1166 r.

305 1205 349 1258 53.
365 1203 481 1262 Metus,
500 1195 626 1270 Neptuni
640 1195 727 1264 filius,
745 1198 977 1272 Laestrygonum
989 1215 1054 1256 rex.
1070 1200 1159 1252 Ηοιι.

312 1283 412 1354 Odytt.
423 1285 480 1343 XX.
494 1283 582 1340 stet.
593 1282 663 1340 Hor.
675 1281 917 1350 0d.1tt‚1t‚1.-
936 1303 964 1337 v.
974 1291 1018 1344 54.
1032 1289 1161 1340 inertes

310 1369 424 1444 priscus
441 1369 619 1444 Argivorum
635 1387 696 1424 rex.
718 1367 799 1442 Virg.
818 1368 888 1422 Aen.
899 1375 923 1436 7,
938 1374 998 1426 stt.
1020 1367 1068 1428 Cf.
1086 1373 1158 1426 Hor.

308 1453 363 1510 ud.
375 1456 411 1521 tt,
425 1459 449 1516 3,
463 1462 546 1512 21.-
563 1462 644 1512 v.55.
659 1460 752 1512 Htenrs
765 1471 804 1510 an
813 1460 914 1510 reatus
929 1455 957 1509 h.
973 1469 997 1508 e.
1008 1471 1162 1512 senescens

309 1556 347 1594 an
364 1538 538 1597 adolescens.
551 1569 587 1582 -
603 1558 632 1594 v.
645 1546 688 1600 56.
705 1546 833 1598 Libitine
851 1538 921 1608 dea,
940 1538 970 1592 in
988 1541 1075 1594 euius
1093 1539 1162 1596 sene

308 1625 508 1683 vendebantur
526 1635 578 1680 aut
595 1625 770 1683 locabuntur
783 1641 859 1698 quae
877 1623 912 1680 ad
924 1623 1013 1682 sunus
1028 1641 1160 1682 neeessa-

310 1713 355 1768 ria
372 1721 462 1767 erent.
480 1713 539 1767 Pro
555 1722 649 1772 tnorte
669 1724 793 1770 utuntur
809 1722 963 1787 poetae·
982 1719 1065 1770 nbi.
1087 1713 1162 1768 Cum

308 1797 459 1853 Oebsnero
477 1795 649 1854 scriberem:
670 1801 735 1878 Qun
748 1797 847 1857 dextra
858 1807 1017 1870 sceptrum,
1040 1813 1103 1870 qua
1118 1795 1163 1852 su·

306 1882 363 1938 erit
379 1882 450 1952 ligo,
470 1885 532 1962 Qua
548 1881 606 1938 falx
624 1895 653 1940 et
670 1884 761 1952 ensis,
778 1883 802 1938 si
820 1901 874 1958 per
892 1895 1017 1938 metrum
1040 1881 1161 1937 liceret.

305 2001 340 2014 -
352 1986 381 2020 v.
391 1974 432 2024 7³.
446 1973 558 2026 lanum
571 1975 650 2042 iones
664 1971 724 2028 be.
735 1967 894 2042 Cupidinis,
912 1969 999 2032 etet,
1008 1975 1053 2026 ¹².
1070 1974 1164 2030 vare,

306 2052 572 2111 reticulorum-
591 2063 671 2114 uei.
692 2061 806 2114 Fidelis
824 2059 891 2110 utba
910 2054 937 2110 h.
952 2069 976 2106 e.
995 2069 1046 2110 vas
1063 2071 1163 2126 aquae

308 2138 444 2198 calcariae
461 2137 499 2194 nd
517 2138 693 2198 dealbandas
710 2141 833 2214 parietes
853 2151 882 2198 et
898 2139 961 2198 sim.
977 2145 1085 2196 Fama
1097 2138 1116 2192 i.
1130 2157 1161 2214 q.

305 2226 407 2300 imago,
424 2225 574 2282 tabula-
591 2244 619 2282 v.
630 2234 671 2286 tit.
686 2232 807 2296 Spania
825 2237 879 2283 ete.
890 2228 924 2284 Η.
942 2242 968 2280 e.
983 2223 1095 2296 optime
1110 2241 1161 2278 vs·

305 2328 361 2368 nae
388 2312 497 2386 gloriae
521 2328 554 2366 ae
576 2312 733 2385 tuperbiee
758 2310 885 2368 remedia
908 2319 976 2364 sunt
999 2309 1160 2366 simulacre

306 2398 409 2453 mortis
419 2407 651 2470 atquemunstra.
666 2403 830 2456 simulacre
843 2415 897 2454 sue
907 2401 972 2451 etta
987 2395 1163 2470 [unciniq.

306 2484 439 2552 umbrae,
457 2499 559 2538 manes.
582 2481 749 2542 oviantes.
763 2487 878 2550 mass
900 2492 927 2539 et
941 2483 979 2552 tt,
998 2488 1045 2538 tt:
1066 2481 1162 2540 Simu.

307 2568 444 2642 lucraque
455 2566 558 2624 straete
573 2569 738 2642 sepulchro.
761 2568 960 2644 Spleniaenim
969 2577 1037 2622 sunt
1052 2568 1162 2642 empla-

307 2664 385 2718 stra,
416 2651 523 2726 quibus
541 2671 628 2728 rugas
646 2656 695 2711 vel
721 2656 779 2712 oris
802 2654 1001 2710 deformitates
1019 2653 1163 2728 tegebant

308 2737 462 2794 foeminae.
473 2735 715 2812 Cf.Mert.Epigr.
733 2745 767 2810 ΙΙ,
782 2748 830 2800 29:
849 2744 884 2798 Et
896 2755 1053 2796 numerose
1067 2739 1163 2794 linunt

308 2823 468 2880 stellantem
488 2823 598 2898 splenia
615 2822 751 2884 frontem.
764 2862 799 2874 -
815 2835 892 2886 neb.
908 2831 969 2884 bar
986 2833 1159 2882 essitare..

306 2910 379 2966 Plin.
390 2908 462 2967 ttius.
470 2912 532 2968 Nat
542 2911 668 2978 xttvttt,
676 2928 700 2964 c·
710 2919 743 2970 50
754 2931 761 2966 t
776 2913 901 2983 „Cutem
911 2911 940 2968 in
947 2909 1022 2967 secie
1031 2929 1161 2990 erugere

310 3006 341 3051 et
360 3006 554 3062 tenerescere,
572 2995 879 3054 candoremcustedire
889 2997 963 3054 laete
975 2999 1091 3055 asinino
1105 3019 1158 3074 pu·

309 3091 388 3152 tent3
409 3093 571 3156 rictumque
590 3091 632 3138 est
649 3082 787 3158 quasdam
801 3083 931 3156 quetidie
950 3085 1159 3162 septingenties

311 3167 712 3228 custoditorumerofeaere.
729 3172 866 3244 Poppaea
876 3169 1066 3228 becNeronit
1074 3173 1157 3230 Prin·

310 3248 385 3325 eipis
408 3252 548 3317 instituit,
571 3254 750 3312 balinearum
769 3273 887 3331 quoque
905 3256 978 3312 solia
995 3255 1038 3312 sie
1049 3266 1158 3332 tempe·

311 3353 390 3404 rane
408 3337 554 3396 asinarum
563 3341 701 3418 gregibus
716 3341 754 3400 ob
766 3345 822 3402 bue
841 3359 903 3402 eam
918 3341 1157 3400 somersetiam
