2600 4284
387 540 561 611 nysseorum
574 532 640 595 nis.
659 543 696 596 ιι.
715 550 757 601 so.
959 542 1020 611 185

163 715 485 795 Nonobseuratamen,
504 714 563 777 sed
570 714 715 777 amabilis
722 712 986 778 umhrarooulrls

202 816 247 878 Ao
264 817 345 878 nulla
366 815 536 899 ferrugine
561 816 668 890 tincta,

168 917 262 1013 Qualis
286 939 357 980 eras
385 918 462 979 olim
489 930 613 978 nostras
632 914 815 979 moderatus
836 918 1020 1003 habenas‚5

200 1018 327 1081 Sublimi
346 1018 544 1081 venerabilis
565 1036 634 1091 ore,

164 1120 198 1181 Et
215 1119 329 1203 liquida
348 1118 465 1181 mentis
484 1117 636 1201 perfusus
658 1116 798 1202 imagine
810 1122 933 1183 vultum

199 1222 236 1281 Et
251 1220 331 1282 senii
350 1220 494 1283 vivacior
513 1240 583 1294 usu,

165 1321 282 1383 Publica
303 1342 377 1383 eum
396 1341 531 1403 regeres
552 1320 676 1402 privata
696 1318 805 1384 fronte
830 1334 963 1398 retenta,

198 1424 343 1485 Cunarum
357 1420 513 1483 iucundus
534 1420 568 1481 in
589 1433 700 1499 austu3
991 1430 1023 1483 10

167 1520 229 1584 Cum
249 1540 280 1587 te
300 1545 367 1586 non
388 1522 508 1606 digitus
531 1535 660 1596 tuntum,
684 1522 743 1584 sed
755 1536 821 1585 tota
834 1522 990 1606 probaret

198 1626 293 1708 Saepe
315 1646 427 1687 manus
443 1646 581 1710 regnare
603 1639 758 1687 coactum.

172 1724 268 1788 ludicii
287 1738 410 1789 matura
432 1746 535 1810 seges,
559 1724 762 1810 penetrabile
782 1745 893 1787 rerum

199 1829 359 1912 Ingenium
380 1826 530 1911 doctique
551 1828 681 1913 lepores

166 1926 325 1992 lucebant
346 1930 478 2014 aequale
500 1928 615 2010 deum
637 1926 811 2013 prudentia
830 1928 958 2011 pondus
992 1952 1022 2005 15

200 2032 236 2093 Et
254 2031 359 2096 virtus
381 2028 504 2093 afflavit
524 2031 692 2102 honorem,

170 2131 253 2214 thue
273 2133 361 2194 acies
381 2132 460 2195 belli
482 2152 517 2194 se
537 2132 753 2216 protendebat
772 2130 808 2191 iu
827 2131 952 2194 omneis

201 2233 346 2295 Consiliis
366 2255 457 2296 mens
477 2236 582 2299 lueida
600 2233 733 2318 parteis.

169 2332 996 2420 PonuserasBavaresquepharosspeotanulaeuriuis

203 2436 234 2500 lu
251 2437 370 2520 pelago
393 2438 582 2501 luctantibus
603 2438 703 2501 aulae.
989 2451 1025 2504 20

170 2534 293 2622 Utraque
316 2537 437 2601 diffuso
459 2536 553 2601 fluxit
572 2538 724 2603 facundia
744 2538 847 2613 fonte,

199 2638 345 2703 Danubio
368 2639 554 2725 Tyberique
575 2643 722 2725 probata.

169 2734 218 2829 Qui
235 2742 348 2803 niveus
370 2742 459 2804 oanis
481 2764 518 2805 ae
537 2758 604 2807 toto
624 2744 747 2807 vertice
768 2762 898 2826 cygnus,

195 2841 320 2905 Orantis
340 2864 469 2928 quoque
491 2858 617 2929 gutture
641 2843 743 2922 sedit3

167 2941 340 3006 Praesertim
361 2946 467 3007 nostri
487 2948 631 3028 prolatus
651 2946 780 3030 origine
801 2945 896 3019 ooeli,
991 2944 1040 3009 25'

198 3044 228 3103 lu
244 3060 386 3112 nostram
406 3049 584 3130 proclivior
606 3061 718 3123 artem,

170 3141 259 3211 leuba
278 3149 446 3211 outenabas
468 3152 578 3235 regale
600 3153 745 3214 sonantia
766 3154 902 3237 gemmis

202 3248 366 3314 Pindarico
388 3252 567 3315 succinctus
586 3254 712 3317 amictu

178 3360 214 3421 Tu
231 3364 353 3427 laoileis
375 3364 486 3427 solitus
506 3386 658 3429 numeros
679 3368 801 3432 dictare
821 3392 990 3455 meumque

201 3462 356 3549 Auspiciis
377 3464 540 3529 stimulare
562 3470 720 3543 calorem,
