2600 4284
306 512 345 578 18
620 464 827 566 suasanus«,

291 749 300 772 ι
342 683 472 744 Caussss
492 701 639 758 noscere,
664 682 722 746 sed
742 699 823 747 tuas.

424 785 481 856 Te,
504 781 655 860 Crinalle,
676 785 736 848 tibi
756 786 886 867 lynoeus
905 784 1024 862 insere,

254 948 256 954 ,
343 887 428 947 Dum
448 882 524 944 tecti
546 883 684 947 latebras
706 887 794 947 sinus

425 982 560 1047 Omusis
583 986 744 1060 excutias,
771 1004 834 1048 nee
856 986 939 1051 sinat
960 989 1103 1073 amplius

344 1085 447 1147 Thule
467 1085 608 1167 pectoris
630 1087 750 1162 ultima,

425 1187 467 1246 Et
486 1200 596 1248 natura
618 1187 683 1248 suis
704 1189 797 1251 obvia
820 1187 962 1252 Gadibus

341 1289 461 1348 Iussum
484 1283 598 1348 sistere
626 1288 763 1351 navitam

424 1387 522 1448 Plus
544 1385 649 1449 ultra
666 1403 761 1450 vetet.
787 1389 872 1450 Hinc
883 1386 974 1450 ducat
983 1387 1015 1448 in
1029 1391 1146 1457 otium
1161 1405 1171 1453 1

341 1490 444 1548 Purae
467 1488 583 1549 mentis
606 1501 638 1550 et
659 1487 793 1551 insulam

423 1587 567 1650 Clamoso
587 1589 700 1672 populi
721 1589 893 1673 sepositam
912 1587 1006 1650 freto.

342 1688 429 1783 Quid
449 1689 572 1750 vicinus
595 1703 666 1772 agat
686 1689 796 1774 Ligur,

425 1787 511 1886 Quid
522 1789 679 1852 Serranus
693 1805 771 1865 uret,
796 1789 875 1876 quid
889 1805 1018 1853 seratas
1029 1807 1160 1872 metat,

342 1892 429 1988 Quot
449 1891 557 1955 naevis
580 1893 681 1954 facies
703 1892 766 1953 Titi
1165 1910 1171 1955 1

425 1993 584 2076 Signum,
612 1993 737 2077 quoties
758 1993 949 2055 Pantolahus
971 1991 1073 2070 bibat,

344 2095 482 2156 Securus
504 2093 586 2156 bene
607 2095 743 2157 nescias.

426 2193 571 2256 Prudens
593 2196 686 2256 multa
719 2194 804 2257 domi
832 2194 965 2256 crimina
987 2195 1158 2267 transilit.

340 2295 486 2358 Lictores
509 2295 578 2356 sine
600 2294 732 2359 tetricos

423 2398 582 2462 Verrucas
605 2397 716 2480 populi
739 2393 841 2479 figere
862 2393 1000 2459 tristium

340 2496 391 2558 Ad
413 2495 564 2560 subsellia
584 2497 726 2559 iudicum

424 2596 617 2682 Plebeiaque
639 2597 725 2659 diem
747 2596 857 2660 dicere
878 2594 1037 2658 moribus:

342 2703 392 2762 Tu
413 2713 540 2762 noctem
563 2699 659 2784 vigila
680 2713 773 2774 tuam,

423 2799 655 2883 Indignumque
677 2813 750 2881 puta
772 2795 896 2880 flagitio
917 2793 993 2857 frui.

340 2901 481 2976 Delat0r‚
507 2901 582 2964 licet
603 2900 690 2962 utilis

424 3002 579 3065 Credatur
600 3002 687 3064 vitiis
711 2997 844 3062 tendere
866 2998 958 3072 retia,

343 3105 478 3187 Semper
502 3123 536 3165 se
558 3103 659 3186 magis
684 3100 836 3186 inquinat.

425 3204 473 3267 Sit
492 3203 569 3265 belli
591 3200 725 3264 ducibus
746 3196 892 3284 proditio
913 3198 1013 3274 bonu

340 3311 505 3389 Nunquam
524 3303 673 3386 proditor
694 3303 841 3386 optimus«

424 3402 502 3468 Odit
511 3403 681 3485 posteritas
702 3424 784 3466 nunc
799 3422 926 3485 quoque
940 3398 1130 3462 Tantalum.
1163 3428 1168 3474 ς
