2600 4284
396 527 575 607 Lyricorum·
588 527 654 583 Lib.
674 528 710 583 11.
729 534 769 587 15·
968 532 1030 601 117

201 700 271 795 Quo
293 699 418 783 pondus
438 713 534 783 urget
553 698 704 783 nudaque
726 700 855 776 veritas,

198 802 384 864 Examinatis
406 822 516 863 caussa
538 799 719 863 bilancibus

232 901 382 965 Pendens
405 900 546 965 feratur:
575 916 641 963 tum
667 902 813 985 quiescat

277 1003 382 1065 'Pniste
405 1003 515 1066 lorum
533 1002 732 1087 pelagusque
759 1026 900 1069 raucum.

198 1173 240 1234 Et
258 1170 333 1234 buic
356 1173 440 1233 mari
462 1184 547 1233 stent
567 1170 691 1245 littora,
720 1170 809 1255 quod
827 1172 912 1237 bona

196 1272 256 1332 Tot
279 1271 457 1335 liberorum
479 1286 570 1355 rapta
591 1274 794 1356 querentium

232 1374 413 1457 Plenasque
433 1372 564 1455 pupillis
587 1374 712 1435 carinas

274 1479 318 1539 Et
336 1472 452 1539 viduas
472 1472 615 1535 inhiante
636 1473 748 1538 nareis

197 1644 359 1706 Demersit
379 1644 452 1705 alto.
481 1640 642 1706 Providus
660 1643 783 1706 arbiter

197 1746 343 1807 Scrutare
367 1764 512 1820 caussas,
543 1743 668 1827 inspice
689 1745 886 1829 sanguinem,

232 1844 341 1908 Incide
362 1864 487 1919 renam,
512 1864 611 1907 nosce
632 1847 781 1910 morbum
802 1864 835 1913 et

274 1946 404 2010 Semina
425 1945 689 2032 principiumque
711 1948 790 2012 litis.

193 2124 254 2188 Nec
268 2124 465 2189 Manlianum
487 2122 640 2186 iudicium
664 2127 769 2209 probo

194 2229 256 2291 Nec
274 2227 480 2289 Laelionam:
523 2226 568 2289 Di
589 2225 731 2291 medium
753 2243 872 2293 tenent.

231 2329 440 2391 Clementiam
462 2342 589 2389 terrore
611 2328 717 2391 muni:

271 2429 400 2492 Atticus
421 2420 459 2489 et
473 2428 551 2491 Cato
574 2427 778 2492 misceantur.

193 2626 286 2727 Quod
307 2626 410 2688 Tbeta
431 2621 520 2707 figis,
550 2643 621 2686 cum
643 2624 764 2709 gemitu
782 2624 882 2709 leges.

193 2732 238 2792 Ne
257 2747 372 2810 rumpe
395 2725 505 2787 funem
525 2746 589 2787 neu
609 2748 751 2809 propera
771 2740 866 2809 caput
890 2783 893 2787 .

232 2828 413 2893 Obnubere
433 2828 665 2911 abruptumque
688 2847 786 2890 cursu

279 2932 316 2990 ln
340 2927 449 2992 medio
471 2929 618 3013 iugulare
640 2948 793 2991 caussam.

190 3128 333 3188 Humana
355 3126 467 3193 cervix
489 3142 522 3189 et
543 3126 691 3208 Scythico
713 3126 789 3189 foro

193 3226 297 3311 Digna
317 3228 491 3290 aestimari.
522 3228 649 3289 Funera
669 3225 835 3290 condimus

231 3332 359 3393 Labore
386 3328 491 3391 nullo:
515 3326 573 3389 sed
593 3328 759 3411 profectos

270 3428 422 3492 Difficile
444 3442 495 3490 est
513 3447 668 3494 revocare
687 3426 821 3491 mancis.
