2600 4284
269 557 310 623 38
596 548 694 606 Jacobi
711 548 799 606 ualde

309 724 456 787 lmberhe
477 723 589 786 molles
610 737 684 785 sunt
699 723 840 806 Zephyri
861 741 972 806 genus,

307 831 427 908 Mystax
450 845 598 887 severum
622 823 773 908 degravat
795 821 952 896 Africum,

353 928 502 1007 Appeuta
523 925 623 986 labris
646 925 766 986 Caurus
790 939 861 987 atro

393 1025 521 1090 Vellera
541 1024 607 1086 fert
629 1024 760 1108 glaciata
783 1024 902 1086 nimbo.

308 1203 440 1265 'l'ritona
464 1216 562 1266 totum
582 1223 686 1286 paene
707 1217 819 1287 tegunt
838 1202 907 1284 pili,

308 1307 426 1367 Tamen
451 1305 610 1366 reluctans
634 1303 814 1384 Cymodoce
835 1303 927 1388 fugit

354 1404 417 1468 Sed
439 1405 514 1467 Acis
541 1417 573 1466 et
596 1403 726 1488 glaucus
747 1405 928 1477 Palaemon,

396 1503 493 1600 Quod
511 1503 622 1586 pueri,
644 1503 796 1585 placuere
817 1503 973 1588 nymphis.

314 1681 525 1745 Desiderabis
548 1682 601 1744 dic
629 1703 689 1768 age
716 1681 831 1746 floridi

314 1783 426 1850 Vultus
446 1783 624 1846 latronem?
654 1783 776 1868 gratior
796 1784 856 1848 hac
878 1785 952 1850 nive

355 1886 458 1945 Lucos
480 1899 512 1946 et
536 1900 643 1959 ostro,
679 1885 780 1970 qualis
801 1884 869 1949 ibat

397 1987 468 2046 Non
488 1983 549 2046 tibi
571 1983 833 2071 Parthenopaeus
854 1987 966 2070 impar.

312 2161 443 2223 Hirsuta
465 2163 584 2225 buccae
606 2163 772 2246 Sisyphus,
794 2164 834 2225 ah
860 2165 940 2239 sinc,

315 2263 479 2346 Faunique
504 2264 622 2328 iactent
644 2279 676 2328 et
700 2265 845 2344 Satyrum
866 2264 988 2328 chorus

358 2364 418 2428 Vel
442 2362 469 2424 si
492 2365 563 2448 quis
585 2366 666 2426 alter
687 2363 795 2426 fronte
816 2379 919 2446 portat

399 2464 562 2528 Grandem
584 2464 669 2528 oculi
689 2464 903 2548 Polyphemus
926 2471 1058 2538 orbem.

317 2643 481 2738 Quaenam
504 2643 557 2705 illa
580 2641 706 2705 tandem
729 2643 846 2727 gloria,
873 2643 989 2730 depilis

318 2743 496 2819 Edmunde,
517 2759 623 2807 mento
644 2743 751 2823 ferre,
784 2745 870 2830 quod
892 2749 1033 2811 omnium

358 2850 386 2908 F
387 2860 498 2909 oetens
521 2847 713 2928 capellarum
735 2848 867 2910 maritus

327 2954 332 2964 “
402 2949 512 3010 Gestat
531 2946 565 3008 in
587 2947 805 3030 opprobrium
821 2949 969 3012 virorum

318 3125 480 3189 Peculiari
502 3147 567 3188 non
589 3125 658 3188 sine
680 3125 835 3190 nomine?

321 3227 468 3288 hruneus
489 3228 593 3290 omnis
617 3249 726 3290 caussa
747 3230 942 3315 tragoediae.

361 3328 428 3388 Nec
450 3347 508 3388 rex
534 3327 767 3391 Ahenobarbus
789 3329 914 3393 hircum

405 3428 551 3513 Setigero
576 3429 739 3512 superabit
757 3451 825 3497 ore.
