2600 4284
305 557 370 614 VIII
677 549 804 606 Index.

305 707 367 766 Ode
388 711 448 764 XV.
485 710 568 763 Iocus
586 703 795 762 saturnalitiua.

307 796 369 852 Ode
389 797 463 852 XVI.
498 795 575 848 Laus
593 795 625 848 P.
646 790 814 848 Hieremiae
832 790 976 850 Drexalii.

304 881 370 936 Ode
389 881 474 936 XVII.
495 882 529 934 Iu
538 875 706 933 Monarchia
726 875 799 949 quid
817 875 985 931 mirandum
1002 888 1033 934 et
1052 892 1152 953 optau·

374 966 452 1020 dum.

305 1051 368 1110 Ode
384 1052 486 1107 XVIlI.
515 1047 680 1106 Gratulatio
698 1045 842 1102 coelibem
857 1045 945 1101 vitam
963 1065 1052 1122 agera
1067 1049 1152 1106 desti.

376 1135 454 1190 nanti
472 1137 556 1189 facta.

305 1224 369 1278 Ode
386 1223 459 1280 XIX.
497 1217 641 1277 Getesridi
664 1219 782 1274 Henrici
808 1218 1015 1291 Pappauhemii
1039 1219 1153 1293 inclyta

374 1322 455 1362 mors
473 1305 503 1358 in
520 1321 615 1377 pugna
632 1303 728 1378 Lycia.

304 1394 368 1451 Ode
383 1395 444 1450 XX.
461 1383 602 1446 '‘Boletur
614 1388 730 1462 'egentis
748 1387 903 1446 derideria.

304 1480 368 1537 Ode
397 1480 472 1534 XXI.
507 1475 706 1548 Suspiciosum
723 1486 753 1529 et
770 1475 928 1548 querulum
948 1476 1106 1534 demulcet.

308 1563 372 1622 Ode
389 1565 473 1619 XXII.
510 1559 643 1617 Circuiua
660 1549 825 1616 Platonicae
837 1547 905 1617 xaiva
919 1579 1000 1618 mana
1017 1564 1154 1618 humana.

311 1648 375 1704 Ode
392 1650 498 1704 XXIII.
532 1647 888 1719 Batrachomyomachiam,
900 1647 1035 1713 editurua
1055 1659 1115 1704 etc.

307 1734 370 1790 Ode
392 1735 495 1788 XXIV.
532 1735 722 1804 incorruptae
746 1733 849 1788 meutIa
875 1731 1049 1808 aequitatem
1077 1751 1154 1790 cum-

377 1817 493 1874 mendat
511 1817 545 1872 ad
568 1817 768 1891 iurisperitum
787 1828 840 1872 etc.

310 1905 374 1962 Ode
392 1907 482 1960 XXV.
518 1909 629 1960 Futura
649 1921 706 1977 per
724 1903 946 1979 enthusiastarum
964 1903 1120 1976 praedicit.

309 1989 373 2046 Ode
391 1991 495 2046 XXVI.
532 1988 677 2045 Gaudium
693 1990 788 2044 bonae
804 1989 920 2046 mentia.

306 2074 368 2132 Ode
386 2075 509 2130 XXVII.
537 2076 575 2132 Ut
590 2089 675 2129 senex
686 2085 827 2148 prompto
845 2075 940 2130 animo
958 2086 1086 2132 mortem
1104 2076 1155 2132 ad·

373 2157 478 2219 mittat.

305 2244 369 2299 Ode
389 2247 514 2300 XXVIII.
553 2244 716 2302 Narcissum
735 2243 908 2301 dehortatu-
924 2262 941 2300 a
961 2246 1116 2318 philautia.

305 2329 369 2385 Ode
386 2331 486 2385 XXIII.
510 2331 575 2384 Nou
583 2328 721 2384 delectari
728 2347 758 2383 ae
766 2328 861 2384 fracto
874 2342 904 2386 et
910 2332 1040 2388 molliori
1051 2345 1151 2391 cantu.

305 2414 368 2471 Ode
386 2416 471 2470 XXX.
509 2415 629 2468 Tectum
648 2425 677 2470 et
700 2415 891 2488 multiplicem
908 2415 1011 2492 agendi
1029 2420 1154 2476 modum

372 2497 570 2572 reprehendit.

308 2583 371 2642 Ode
390 2588 491 2641 XXXI.
529 2583 677 2664 Quaedam
706 2587 851 2661 auplenter
878 2586 1000 2643 tacenda
1030 2587 1153 2646 sortiter

372 2687 437 2726 asae
457 2670 669 2728 disaiuiulanda.

305 2755 368 2811 Ode
385 2759 495 2812 XXXII.
532 2757 664 2812 Aetatem
679 2755 773 2826 lautia,
789 2775 849 2812 nou
866 2757 946 2814 anuis
964 2758 1089 2816 artaudi·

301 2841 368 2896 Ode
391 2843 523 2897 XXXIII.
559 2842 682 2914 laphten
697 2842 874 2919 tragoediam
900 2847 1083 2906 exhibiturus
1106 2858 1150 2908 In·

370 2928 513 3002 golatadii.

301 3009 366 3068 Ode
383 3015 508 3069 XXXIV.
544 3012 591 3068 Ad
607 3013 729 3069 maeIem
747 3013 841 3070 indie
856 3020 954 3080 uataii.

302 3096 366 3153 Ode
384 3099 505 3154 XXXV.
533 3101 568 3155 lu
580 3099 684 3156 funera
698 3101 750 3156 iiiii
762 3102 964 3177 prImeganitI,
982 3107 1147 3165 eauaolatia

370 3183 465 3238 atoica.

299 3265 367 3324 Ode
380 3270 505 3328 XXXVI.
535 3269 750 3342 'Maimeholm
769 3291 836 3332 eum
852 3287 1049 3351 aucuparetur
1076 3304 1080 3312 =

368 3369 466 3410 uacum
483 3372 499 3409 a
516 3355 687 3415 Winmario.
