<?xml version="1.0" encoding="UTF-8"?>
<!DOCTYPE html PUBLIC "-//W3C//DTD XHTML 1.0 Transitional//EN"
    "http://www.w3.org/TR/xhtml1/DTD/xhtml1-transitional.dtd">
<html xmlns="http://www.w3.org/1999/xhtml" xml:lang="en" lang="en">
 <head>
  <title>
</title>
<meta http-equiv="Content-Type" content="text/html;charset=utf-8" />
  <meta name='ocr-system' content='tesseract 3.04.00' />
  <meta name='ocr-capabilities' content='ocr_page ocr_carea ocr_par ocr_line ocrx_word'/>
</head>
<body>
  <div class='ocr_page' id='page_1' title='image "./jacobibaldecarm00mlgoog_0456.png"; bbox 0 0 2600 4284; ppageno 0'>
   <div class='ocr_carea' id='block_1_1' title="bbox 264 500 872 580">
    <p class='ocr_par' dir='ltr' id='par_1_1' title="bbox 264 500 872 580">
     <span class='ocr_line' id='line_1_1' title="bbox 264 500 872 580; baseline -0.003 -20"><span class='ocrx_word' id='word_1_1' title='bbox 264 510 328 580; x_wconf 71' lang='lat'><strong>432</strong></span> <span class='ocrx_word' id='word_1_2' title='bbox 569 501 671 560; x_wconf 77' lang='lat' dir='ltr'><strong>Jaeolti</strong></span> <span class='ocrx_word' id='word_1_3' title='bbox 687 500 776 558; x_wconf 78' lang='lat' dir='ltr'><strong>Baldo</strong></span> <span class='ocrx_word' id='word_1_4' title='bbox 869 515 872 524; x_wconf 68' lang='lat'><strong><em>⁴</em></strong></span> 
     </span>
    </p>
   </div>
   <div class='ocr_carea' id='block_1_2' title="bbox 258 675 1156 3516">
    <p class='ocr_par' dir='ltr' id='par_1_2' title="bbox 258 675 1156 3516">
     <span class='ocr_line' id='line_1_2' title="bbox 263 675 1087 777; baseline -0.004 -34"><span class='ocrx_word' id='word_1_5' title='bbox 263 683 351 777; x_wconf 81' lang='lat' dir='ltr'><strong>Quot</strong></span> <span class='ocrx_word' id='word_1_6' title='bbox 371 677 484 742; x_wconf 84' lang='lat' dir='ltr'><strong>faliunt</strong></span> <span class='ocrx_word' id='word_1_7' title='bbox 503 676 634 740; x_wconf 71' lang='lat' dir='ltr'><strong>mittite</strong></span> <span class='ocrx_word' id='word_1_8' title='bbox 654 675 747 740; x_wconf 64' lang='lat' dir='ltr'><strong>&#39;viros</strong></span> <span class='ocrx_word' id='word_1_9' title='bbox 765 675 922 760; x_wconf 79' lang='lat' dir='ltr'><strong>promissa</strong></span> <span class='ocrx_word' id='word_1_10' title='bbox 941 681 1087 764; x_wconf 73' lang='lat' dir='ltr'><strong>puellae,</strong></span> 
     </span>
     <span class='ocr_line' id='line_1_3' title="bbox 305 779 1156 864; baseline -0.002 -20"><span class='ocrx_word' id='word_1_11' title='bbox 305 785 407 864; x_wconf 80' lang='lat' dir='ltr'><strong>Lapsa</strong></span> <span class='ocrx_word' id='word_1_12' title='bbox 429 779 520 841; x_wconf 91' lang='lat' dir='ltr'><strong>simul</strong></span> <span class='ocrx_word' id='word_1_13' title='bbox 544 779 654 844; x_wconf 84' lang='lat' dir='ltr'><strong>viduas</strong></span> <span class='ocrx_word' id='word_1_14' title='bbox 1115 791 1156 842; x_wconf 79' lang='lat'><strong>2⁰</strong></span> 
     </span>
     <span class='ocr_line' id='line_1_4' title="bbox 350 881 762 968; baseline -0.002 -22"><span class='ocrx_word' id='word_1_15' title='bbox 350 887 486 946; x_wconf 81' lang='lat' dir='ltr'><strong>Cerussa</strong></span> <span class='ocrx_word' id='word_1_16' title='bbox 508 882 604 944; x_wconf 86' lang='lat' dir='ltr'><strong>maias</strong></span> <span class='ocrx_word' id='word_1_17' title='bbox 625 881 762 968; x_wconf 85' lang='lat' dir='ltr'><strong>liquerit</strong></span> 
     </span>
     <span class='ocr_line' id='line_1_5' title="bbox 263 994 1034 1080; baseline -0.001 -20"><span class='ocrx_word' id='word_1_18' title='bbox 263 997 488 1080; x_wconf 78' lang='lat' dir='ltr'><strong>Sithoniasque</strong></span> <span class='ocrx_word' id='word_1_19' title='bbox 508 994 600 1058; x_wconf 83' lang='lat' dir='ltr'><strong>nives</strong></span> <span class='ocrx_word' id='word_1_20' title='bbox 624 1009 655 1057; x_wconf 87' lang='lat' dir='ltr'><strong>et</strong></span> <span class='ocrx_word' id='word_1_21' title='bbox 676 996 724 1058; x_wconf 89' lang='lat' dir='ltr'><strong>lac</strong></span> <span class='ocrx_word' id='word_1_22' title='bbox 746 995 895 1080; x_wconf 81' lang='lat' dir='ltr'><strong>ungentis</strong></span> <span class='ocrx_word' id='word_1_23' title='bbox 919 995 1034 1059; x_wconf 86' lang='lat' dir='ltr'><strong>asellae</strong></span> 
     </span>
     <span class='ocr_line' id='line_1_6' title="bbox 305 1099 672 1182; baseline -0.011 -19"><span class='ocrx_word' id='word_1_24' title='bbox 305 1102 348 1163; x_wconf 88' lang='lat' dir='ltr'><strong>Et</strong></span> <span class='ocrx_word' id='word_1_25' title='bbox 369 1099 508 1167; x_wconf 82' lang='lat' dir='ltr'><strong>Veneris</strong></span> <span class='ocrx_word' id='word_1_26' title='bbox 525 1118 672 1182; x_wconf 84' lang='lat' dir='ltr'><strong>panacen</strong></span> 
     </span>
     <span class='ocr_line' id='line_1_7' title="bbox 349 1199 792 1278; baseline -0.009 -12"><span class='ocrx_word' id='word_1_27' title='bbox 349 1201 494 1266; x_wconf 80' lang='lat' dir='ltr'>Carbone</span> <span class='ocrx_word' id='word_1_28' title='bbox 516 1223 581 1264; x_wconf 80' lang='lat' dir='ltr'><strong>nor</strong></span> <span class='ocrx_word' id='word_1_29' title='bbox 603 1199 792 1278; x_wconf 74' lang='lat' dir='ltr'><strong>deterserit!</strong></span> 
     </span>
     <span class='ocr_line' id='line_1_8' title="bbox 263 1303 1152 1390; baseline -0.009 -21"><span class='ocrx_word' id='word_1_30' title='bbox 263 1305 365 1390; x_wconf 79' lang='lat' dir='ltr'><strong>Finge</strong></span> <span class='ocrx_word' id='word_1_31' title='bbox 386 1304 445 1368; x_wconf 90' lang='lat' dir='ltr'><strong>tihi</strong></span> <span class='ocrx_word' id='word_1_32' title='bbox 465 1304 608 1387; x_wconf 88' lang='lat' dir='ltr'><strong>pulcram</strong></span> <span class='ocrx_word' id='word_1_33' title='bbox 631 1303 796 1368; x_wconf 83' lang='lat' dir='ltr'><strong>Briseida:</strong></span> <span class='ocrx_word' id='word_1_34' title='bbox 820 1318 933 1388; x_wconf 88' lang='lat' dir='ltr'><strong>quanta</strong></span> <span class='ocrx_word' id='word_1_35' title='bbox 955 1303 1086 1368; x_wconf 88' lang='lat' dir='ltr'><strong>decoris</strong></span> <span class='ocrx_word' id='word_1_36' title='bbox 1113 1309 1152 1362; x_wconf 82' lang='lat'><strong>25</strong></span> 
     </span>
     <span class='ocr_line' id='line_1_9' title="bbox 306 1404 604 1494; baseline -0.013 -22"><span class='ocrx_word' id='word_1_37' title='bbox 306 1410 418 1494; x_wconf 76' lang='lat' dir='ltr'><strong>Atque</strong></span> <span class='ocrx_word' id='word_1_38' title='bbox 429 1404 604 1490; x_wconf 85' lang='lat' dir='ltr'><strong>pudicitiae</strong></span> 
     </span>
     <span class='ocr_line' id='line_1_10' title="bbox 350 1507 1063 1610; baseline 0.003 -40"><span class='ocrx_word' id='word_1_39' title='bbox 350 1511 452 1604; x_wconf 79' lang='lat' dir='ltr'><strong>Quam</strong></span> <span class='ocrx_word' id='word_1_40' title='bbox 473 1507 623 1590; x_wconf 77' lang='lat' dir='ltr'><strong>pertinax</strong></span> <span class='ocrx_word' id='word_1_41' title='bbox 644 1507 823 1574; x_wconf 86' lang='lat' dir='ltr'><strong>discordia!</strong></span> <span class='ocrx_word' id='word_1_42' title='bbox 1061 1603 1063 1610; x_wconf 15' lang='grc' dir='ltr'><strong>Υ</strong></span> 
     </span>
     <span class='ocr_line' id='line_1_11' title="bbox 263 1627 1071 1712; baseline 0.002 -19"><span class='ocrx_word' id='word_1_43' title='bbox 263 1628 379 1693; x_wconf 86' lang='lat' dir='ltr'><strong>Gliseit</strong></span> <span class='ocrx_word' id='word_1_44' title='bbox 400 1643 433 1693; x_wconf 89' lang='lat' dir='ltr'><strong>et</strong></span> <span class='ocrx_word' id='word_1_45' title='bbox 454 1628 584 1712; x_wconf 86' lang='lat' dir='ltr'><strong>ancipiti</strong></span> <span class='ocrx_word' id='word_1_46' title='bbox 605 1641 725 1712; x_wconf 83' lang='lat' dir='ltr'><strong>pugnat</strong></span> <span class='ocrx_word' id='word_1_47' title='bbox 745 1627 931 1694; x_wconf 80' lang='lat' dir='ltr'><strong>discrimine</strong></span> <span class='ocrx_word' id='word_1_48' title='bbox 954 1629 1071 1706; x_wconf 78' lang='lat' dir='ltr'><strong>vultus,</strong></span> 
     </span>
     <span class='ocr_line' id='line_1_12' title="bbox 304 1731 652 1817; baseline -0.014 -18"><span class='ocrx_word' id='word_1_49' title='bbox 304 1734 439 1817; x_wconf 82' lang='lat' dir='ltr'><strong>Semper</strong></span> <span class='ocrx_word' id='word_1_50' title='bbox 460 1734 548 1797; x_wconf 82' lang='lat' dir='ltr'><strong>alunt</strong></span> <span class='ocrx_word' id='word_1_51' title='bbox 566 1731 652 1795; x_wconf 80' lang='lat' dir='ltr'><strong>ocuii</strong></span> 
     </span>
     <span class='ocr_line' id='line_1_13' title="bbox 345 1833 1145 1898; baseline 0 -2"><span class='ocrx_word' id='word_1_52' title='bbox 345 1835 532 1898; x_wconf 81' lang='lat' dir='ltr'><strong>Periculosa</strong></span> <span class='ocrx_word' id='word_1_53' title='bbox 552 1833 701 1898; x_wconf 87' lang='lat' dir='ltr'><strong>incendia</strong></span> <span class='ocrx_word' id='word_1_54' title='bbox 1105 1833 1145 1886; x_wconf 83' lang='lat'><strong>3⁰</strong></span> 
     </span>
     <span class='ocr_line' id='line_1_14' title="bbox 261 1943 1104 2032; baseline 0.001 -23"><span class='ocrx_word' id='word_1_55' title='bbox 261 1946 366 2031; x_wconf 80' lang='lat' dir='ltr'><strong>Atque</strong></span> <span class='ocrx_word' id='word_1_56' title='bbox 375 1946 743 2011; x_wconf 85' lang='lat' dir='ltr'><strong>laveisiaciuntatomos.</strong></span> <span class='ocrx_word' id='word_1_57' title='bbox 763 1943 1104 2032; x_wconf 83' lang='lat' dir='ltr'><strong>Sedfingeprtdieutttt</strong></span> 
     </span>
     <span class='ocr_line' id='line_1_15' title="bbox 303 2048 595 2113; baseline 0.007 -2"><span class='ocrx_word' id='word_1_58' title='bbox 303 2048 428 2112; x_wconf 86' lang='lat' dir='ltr'><strong>Litibus</strong></span> <span class='ocrx_word' id='word_1_59' title='bbox 449 2049 595 2113; x_wconf 82' lang='lat' dir='ltr'><strong>irtduhito</strong></span> 
     </span>
     <span class='ocr_line' id='line_1_16' title="bbox 343 2151 789 2238; baseline 0.009 -26"><span class='ocrx_word' id='word_1_60' title='bbox 343 2152 385 2214; x_wconf 87' lang='lat' dir='ltr'><strong>Et</strong></span> <span class='ocrx_word' id='word_1_61' title='bbox 405 2151 789 2238; x_wconf 76' lang='lat' dir='ltr'><strong>unguibuscalpurniae.</strong></span> 
     </span>
     <span class='ocr_line' id='line_1_17' title="bbox 261 2265 1103 2351; baseline 0.004 -21"><span class='ocrx_word' id='word_1_62' title='bbox 261 2267 394 2330; x_wconf 86' lang='lat' dir='ltr'><strong>Femina</strong></span> <span class='ocrx_word' id='word_1_63' title='bbox 404 2269 451 2330; x_wconf 91' lang='lat' dir='ltr'><strong>sic</strong></span> <span class='ocrx_word' id='word_1_64' title='bbox 463 2282 535 2332; x_wconf 81' lang='lat' dir='ltr'><strong>nata</strong></span> <span class='ocrx_word' id='word_1_65' title='bbox 550 2283 608 2343; x_wconf 86' lang='lat' dir='ltr'><strong>est,</strong></span> <span class='ocrx_word' id='word_1_66' title='bbox 632 2281 665 2332; x_wconf 94' lang='lat' dir='ltr'><strong>ut</strong></span> <span class='ocrx_word' id='word_1_67' title='bbox 679 2269 810 2334; x_wconf 80' lang='lat' dir='ltr'><strong>saeviat:</strong></span> <span class='ocrx_word' id='word_1_68' title='bbox 834 2265 953 2350; x_wconf 87' lang='lat' dir='ltr'><strong>optima</strong></span> <span class='ocrx_word' id='word_1_69' title='bbox 971 2270 1103 2351; x_wconf 85' lang='lat' dir='ltr'><strong>quaevis</strong></span> 
     </span>
     <span class='ocr_line' id='line_1_18' title="bbox 303 2351 1133 2433; baseline -0.004 0"><span class='ocrx_word' id='word_1_70' title='bbox 303 2374 411 2433; x_wconf 89' lang='lat' dir='ltr'><strong>Mente</strong></span> <span class='ocrx_word' id='word_1_71' title='bbox 434 2368 531 2433; x_wconf 75' lang='lat' dir='ltr'><strong>ferox</strong></span> <span class='ocrx_word' id='word_1_72' title='bbox 553 2369 645 2432; x_wconf 86' lang='lat' dir='ltr'><strong>tacita</strong></span> <span class='ocrx_word' id='word_1_73' title='bbox 1104 2351 1133 2404; x_wconf 81' lang='lat'><strong>³⁵</strong></span> 
     </span>
     <span class='ocr_line' id='line_1_19' title="bbox 345 2471 822 2557; baseline -0.004 -21"><span class='ocrx_word' id='word_1_74' title='bbox 345 2473 530 2557; x_wconf 87' lang='lat' dir='ltr'><strong>Discerpsit</strong></span> <span class='ocrx_word' id='word_1_75' title='bbox 550 2492 647 2535; x_wconf 85' lang='lat' dir='ltr'><strong>unum</strong></span> <span class='ocrx_word' id='word_1_76' title='bbox 670 2471 822 2534; x_wconf 87' lang='lat' dir='ltr'><strong>Penthea.</strong></span> 
     </span>
     <span class='ocr_line' id='line_1_20' title="bbox 264 2585 1102 2685; baseline 0.012 -38"><span class='ocrx_word' id='word_1_77' title='bbox 264 2586 373 2685; x_wconf 75' lang='lat' dir='ltr'><strong>Quare</strong></span> <span class='ocrx_word' id='word_1_78' title='bbox 382 2585 462 2649; x_wconf 84' lang='lat' dir='ltr'><strong>adeo</strong></span> <span class='ocrx_word' id='word_1_79' title='bbox 476 2587 536 2650; x_wconf 85' lang='lat' dir='ltr'><strong>iam</strong></span> <span class='ocrx_word' id='word_1_80' title='bbox 548 2609 633 2651; x_wconf 91' lang='lat' dir='ltr'><strong>nuno</strong></span> <span class='ocrx_word' id='word_1_81' title='bbox 644 2587 790 2652; x_wconf 86' lang='lat' dir='ltr'><strong>thalamis</strong></span> <span class='ocrx_word' id='word_1_82' title='bbox 804 2587 949 2653; x_wconf 85' lang='lat' dir='ltr'><strong>absistite</strong></span> <span class='ocrx_word' id='word_1_83' title='bbox 965 2593 1102 2657; x_wconf 83' lang='lat' dir='ltr'><strong>nostris:</strong></span> 
     </span>
     <span class='ocr_line' id='line_1_21' title="bbox 303 2688 636 2774; baseline 0 -23"><span class='ocrx_word' id='word_1_84' title='bbox 303 2688 396 2763; x_wconf 85' lang='lat' dir='ltr'><strong>Filia,</strong></span> <span class='ocrx_word' id='word_1_85' title='bbox 417 2709 494 2774; x_wconf 87' lang='lat' dir='ltr'><strong>quas</strong></span> <span class='ocrx_word' id='word_1_86' title='bbox 516 2690 636 2773; x_wconf 86' lang='lat' dir='ltr'><strong>petitis,</strong></span> 
     </span>
     <span class='ocr_line' id='line_1_22' title="bbox 345 2792 756 2876; baseline 0.002 -25"><span class='ocrx_word' id='word_1_87' title='bbox 345 2792 518 2855; x_wconf 79' lang='lat' dir='ltr'><strong>Praeterit</strong></span> <span class='ocrx_word' id='word_1_88' title='bbox 538 2814 599 2854; x_wconf 86' lang='lat' dir='ltr'><strong>una</strong></span> <span class='ocrx_word' id='word_1_89' title='bbox 620 2792 756 2876; x_wconf 82' lang='lat' dir='ltr'><strong>nuptias,</strong></span> 
     </span>
     <span class='ocr_line' id='line_1_23' title="bbox 260 2901 1130 2986; baseline 0.002 -16"><span class='ocrx_word' id='word_1_90' title='bbox 260 2904 392 2970; x_wconf 86' lang='lat' dir='ltr'><strong>Gratior</strong></span> <span class='ocrx_word' id='word_1_91' title='bbox 410 2920 460 2970; x_wconf 89' lang='lat' dir='ltr'><strong>est</strong></span> <span class='ocrx_word' id='word_1_92' title='bbox 479 2903 575 2970; x_wconf 90' lang='lat' dir='ltr'><strong>nobis</strong></span> <span class='ocrx_word' id='word_1_93' title='bbox 596 2925 614 2968; x_wconf 93' lang='lat' dir='ltr'><strong>e</strong></span> <span class='ocrx_word' id='word_1_94' title='bbox 635 2907 721 2972; x_wconf 85' lang='lat' dir='ltr'><strong>buxo</strong></span> <span class='ocrx_word' id='word_1_95' title='bbox 744 2907 846 2973; x_wconf 79' lang='lat' dir='ltr'><strong>sutilis</strong></span> <span class='ocrx_word' id='word_1_96' title='bbox 866 2931 958 2986; x_wconf 83' lang='lat' dir='ltr'><strong>uxor,</strong></span> <span class='ocrx_word' id='word_1_97' title='bbox 1099 2901 1130 2954; x_wconf 82' lang='lat'><strong>⁴⁰</strong></span> 
     </span>
     <span class='ocr_line' id='line_1_24' title="bbox 301 3006 646 3090; baseline -0.006 -17"><span class='ocrx_word' id='word_1_98' title='bbox 301 3006 453 3090; x_wconf 88' lang='lat' dir='ltr'><strong>Orpheos</strong></span> <span class='ocrx_word' id='word_1_99' title='bbox 474 3006 646 3090; x_wconf 87' lang='lat' dir='ltr'><strong>Eurydice,</strong></span> 
     </span>
     <span class='ocr_line' id='line_1_25' title="bbox 342 3107 782 3196; baseline 0 -24"><span class='ocrx_word' id='word_1_100' title='bbox 342 3109 484 3176; x_wconf 76' lang='lat' dir='ltr'><strong>Testudo</strong></span> <span class='ocrx_word' id='word_1_101' title='bbox 508 3111 615 3196; x_wconf 80' lang='lat' dir='ltr'><strong>magni</strong></span> <span class='ocrx_word' id='word_1_102' title='bbox 635 3107 782 3176; x_wconf 90' lang='lat' dir='ltr'><strong>nominis.</strong></span> 
     </span>
     <span class='ocr_line' id='line_1_26' title="bbox 258 3221 1096 3312; baseline 0.005 -20"><span class='ocrx_word' id='word_1_103' title='bbox 258 3221 1096 3312; x_wconf 75' lang='lat' dir='ltr'><strong>NonadeoformosaquidemtnequeenimtataCedro</strong></span> 
     </span>
     <span class='ocr_line' id='line_1_27' title="bbox 300 3323 634 3396; baseline 0.012 -9"><span class='ocrx_word' id='word_1_104' title='bbox 300 3325 433 3396; x_wconf 85' lang='lat' dir='ltr'><strong>Vertice</strong></span> <span class='ocrx_word' id='word_1_105' title='bbox 457 3323 497 3385; x_wconf 90' lang='lat' dir='ltr'><strong>de</strong></span> <span class='ocrx_word' id='word_1_106' title='bbox 518 3327 634 3391; x_wconf 88' lang='lat' dir='ltr'><strong>Libani</strong></span> 
     </span>
     <span class='ocr_line' id='line_1_28' title="bbox 341 3421 1122 3516; baseline 0.009 -29"><span class='ocrx_word' id='word_1_107' title='bbox 341 3421 482 3487; x_wconf 88' lang='lat' dir='ltr'><strong>Deducit</strong></span> <span class='ocrx_word' id='word_1_108' title='bbox 501 3429 664 3496; x_wconf 79' lang='lat' dir='ltr'><strong>excelsum</strong></span> <span class='ocrx_word' id='word_1_109' title='bbox 684 3451 803 3516; x_wconf 74' lang='lat' dir='ltr'><strong>genns3</strong></span> <span class='ocrx_word' id='word_1_110' title='bbox 1094 3425 1122 3477; x_wconf 80' lang='lat'><strong>⁴⁵</strong></span> 
     </span>
    </p>
   </div>
   <div class='ocr_carea' id='block_1_3' title="bbox 184 3716 727 3928">
    <p class='ocr_par' dir='ltr' id='par_1_3' title="bbox 184 3716 727 3928">
     <span class='ocr_line' id='line_1_29' title="bbox 184 3716 727 3928; baseline 0 0"><span class='ocrx_word' id='word_1_111' title='bbox 184 3716 727 3928; x_wconf 59' lang='lat' dir='ltr'><strong>:mn</strong></span> 
     </span>
    </p>
   </div>
   <div class='ocr_carea' id='block_1_4' title="bbox 0 0 1304 4284">
    <p class='ocr_par' dir='ltr' id='par_1_4' title="bbox 0 0 1304 4284">
     <span class='ocr_line' id='line_1_30' title="bbox 0 0 1304 4284; baseline 0 4"><span class='ocrx_word' id='word_1_112' title='bbox 0 0 1304 4284; x_wconf 95' lang='lat' dir='ltr'><strong> </strong></span> 
     </span>
    </p>
   </div>
  </div>
 </body>
</html>
