<?xml version="1.0" encoding="UTF-8"?>
<!DOCTYPE html PUBLIC "-//W3C//DTD XHTML 1.0 Transitional//EN"
    "http://www.w3.org/TR/xhtml1/DTD/xhtml1-transitional.dtd">
<html xmlns="http://www.w3.org/1999/xhtml" xml:lang="en" lang="en">
 <head>
  <title>
</title>
<meta http-equiv="Content-Type" content="text/html;charset=utf-8" />
  <meta name='ocr-system' content='tesseract 3.04.00' />
  <meta name='ocr-capabilities' content='ocr_page ocr_carea ocr_par ocr_line ocrx_word'/>
</head>
<body>
  <div class='ocr_page' id='page_1' title='image "./jacobibaldecarm00mlgoog_0609.png"; bbox 0 0 2600 4284; ppageno 0'>
   <div class='ocr_carea' id='block_1_1' title="bbox 452 547 977 623">
    <p class='ocr_par' dir='ltr' id='par_1_1' title="bbox 452 547 977 623">
     <span class='ocr_line' id='line_1_1' title="bbox 452 547 977 623; baseline 0.004 -2"><span class='ocrx_word' id='word_1_1' title='bbox 452 547 544 605; x_wconf 61' lang='grc' dir='ltr'><strong>ΗΜ</strong></span> <span class='ocrx_word' id='word_1_2' title='bbox 558 548 691 621; x_wconf 58' lang='grc' dir='ltr'><strong>ΜΦ·</strong></span> <span class='ocrx_word' id='word_1_3' title='bbox 917 554 977 623; x_wconf 86' lang='grc'><strong>119</strong></span> 
     </span>
    </p>
   </div>
   <div class='ocr_carea' id='block_1_2' title="bbox 136 702 978 865">
    <p class='ocr_par' dir='ltr' id='par_1_2' title="bbox 136 702 978 865">
     <span class='ocr_line' id='line_1_2' title="bbox 137 702 978 778; baseline 0.005 -21"><span class='ocrx_word' id='word_1_4' title='bbox 137 702 217 757; x_wconf 81' lang='lat' dir='ltr'><strong>rimis</strong></span> <span class='ocrx_word' id='word_1_5' title='bbox 236 712 294 757; x_wconf 89' lang='lat' dir='ltr'><strong>tam</strong></span> <span class='ocrx_word' id='word_1_6' title='bbox 317 702 457 777; x_wconf 74' lang='lat' dir='ltr'>frequens</span> <span class='ocrx_word' id='word_1_7' title='bbox 472 702 603 759; x_wconf 80' lang='lat' dir='ltr'><strong>inlibris</strong></span> <span class='ocrx_word' id='word_1_8' title='bbox 620 702 748 773; x_wconf 88' lang='lat' dir='ltr'><strong>mentio,</strong></span> <span class='ocrx_word' id='word_1_9' title='bbox 770 705 978 778; x_wconf 74' lang='lat' dir='ltr'><strong>pantherarum</strong></span> 
     </span>
     <span class='ocr_line' id='line_1_3' title="bbox 136 788 884 865; baseline 0.008 -22"><span class='ocrx_word' id='word_1_10' title='bbox 136 800 165 844; x_wconf 93' lang='lat' dir='ltr'><strong>et</strong></span> <span class='ocrx_word' id='word_1_11' title='bbox 183 788 349 865; x_wconf 84' lang='lat' dir='ltr'><strong>pardorum</strong></span> <span class='ocrx_word' id='word_1_12' title='bbox 368 800 448 845; x_wconf 85' lang='lat' dir='ltr'><strong>erant</strong></span> <span class='ocrx_word' id='word_1_13' title='bbox 465 788 556 863; x_wconf 82' lang='lat' dir='ltr'><strong>pelles</strong></span> <span class='ocrx_word' id='word_1_14' title='bbox 574 798 602 843; x_wconf 90' lang='lat' dir='ltr'><strong>et</strong></span> <span class='ocrx_word' id='word_1_15' title='bbox 619 789 744 863; x_wconf 89' lang='lat' dir='ltr'><strong>tigrium.</strong></span> <span class='ocrx_word' id='word_1_16' title='bbox 763 794 884 849; x_wconf 74' lang='lat' dir='ltr'><strong>Scurrae.</strong></span> 
     </span>
    </p>
   </div>
   <div class='ocr_carea' id='block_1_3' title="bbox 207 872 979 946">
    <p class='ocr_par' dir='ltr' id='par_1_3' title="bbox 207 872 979 946">
     <span class='ocr_line' id='line_1_4' title="bbox 207 872 979 946; baseline 0.001 -16"><span class='ocrx_word' id='word_1_17' title='bbox 207 875 284 931; x_wconf 84' lang='lat' dir='ltr'><strong>Ode</strong></span> <span class='ocrx_word' id='word_1_18' title='bbox 301 878 349 932; x_wconf 85' lang='lat' dir='ltr'><strong>tv.</strong></span> <span class='ocrx_word' id='word_1_19' title='bbox 369 895 398 933; x_wconf 84' lang='lat' dir='ltr'><strong>v.</strong></span> <span class='ocrx_word' id='word_1_20' title='bbox 412 882 437 935; x_wconf 99' lang='grc'><strong>3.</strong></span> <span class='ocrx_word' id='word_1_21' title='bbox 454 882 553 938; x_wconf 80' lang='lat' dir='ltr'><strong>lanua,</strong></span> <span class='ocrx_word' id='word_1_22' title='bbox 570 892 624 929; x_wconf 86' lang='lat' dir='ltr'><strong>rex</strong></span> <span class='ocrx_word' id='word_1_23' title='bbox 642 872 854 946; x_wconf 79' lang='lat' dir='ltr'><strong>antiquissimus</strong></span> <span class='ocrx_word' id='word_1_24' title='bbox 873 876 979 939; x_wconf 81' lang='lat' dir='ltr'><strong>italiae,</strong></span> 
     </span>
    </p>
   </div>
   <div class='ocr_carea' id='block_1_4' title="bbox 135 957 1091 1035">
    <p class='ocr_par' dir='ltr' id='par_1_4' title="bbox 135 957 1091 1035">
     <span class='ocr_line' id='line_1_5' title="bbox 135 957 1091 1035; baseline 0.005 -20"><span class='ocrx_word' id='word_1_25' title='bbox 135 962 185 1016; x_wconf 86' lang='lat' dir='ltr'><strong>eui</strong></span> <span class='ocrx_word' id='word_1_26' title='bbox 203 971 332 1017; x_wconf 72' lang='lat' dir='ltr'><strong>sacratus</strong></span> <span class='ocrx_word' id='word_1_27' title='bbox 350 972 393 1017; x_wconf 82' lang='lat' dir='ltr'><strong>est</strong></span> <span class='ocrx_word' id='word_1_28' title='bbox 411 959 690 1027; x_wconf 71' lang='lat' dir='ltr'><strong>manummerias,</strong></span> <span class='ocrx_word' id='word_1_29' title='bbox 709 957 780 1015; x_wconf 82' lang='lat' dir='ltr'><strong>deus</strong></span> <span class='ocrx_word' id='word_1_30' title='bbox 794 960 861 1015; x_wconf 85' lang='lat' dir='ltr'><strong>anni</strong></span> <span class='ocrx_word' id='word_1_31' title='bbox 882 972 912 1017; x_wconf 92' lang='lat' dir='ltr'><strong>et</strong></span> <span class='ocrx_word' id='word_1_32' title='bbox 930 980 978 1035; x_wconf 84' lang='lat' dir='ltr'><strong>pa·</strong></span> <span class='ocrx_word' id='word_1_33' title='bbox 1086 993 1091 1001; x_wconf 95' lang='lat'><em>·</em></span> 
     </span>
    </p>
   </div>
   <div class='ocr_carea' id='block_1_5' title="bbox 134 1044 993 3515">
    <p class='ocr_par' dir='ltr' id='par_1_5' title="bbox 134 1044 987 3172">
     <span class='ocr_line' id='line_1_6' title="bbox 135 1044 977 1120; baseline 0.005 -21"><span class='ocrx_word' id='word_1_34' title='bbox 135 1048 192 1112; x_wconf 87' lang='lat' dir='ltr'><strong>cis,</strong></span> <span class='ocrx_word' id='word_1_35' title='bbox 208 1048 365 1103; x_wconf 78' lang='lat' dir='ltr'><strong>Saturnum</strong></span> <span class='ocrx_word' id='word_1_36' title='bbox 381 1044 419 1100; x_wconf 87' lang='lat' dir='ltr'><strong>ad</strong></span> <span class='ocrx_word' id='word_1_37' title='bbox 435 1063 465 1101; x_wconf 84' lang='lat' dir='ltr'><strong>ee</strong></span> <span class='ocrx_word' id='word_1_38' title='bbox 481 1046 697 1120; x_wconf 75' lang='lat' dir='ltr'><strong>confugientem</strong></span> <span class='ocrx_word' id='word_1_39' title='bbox 713 1045 838 1119; x_wconf 84' lang='lat' dir='ltr'><strong>benigne</strong></span> <span class='ocrx_word' id='word_1_40' title='bbox 856 1049 977 1119; x_wconf 77' lang='lat' dir='ltr'>excepit.</span> 
     </span>
     <span class='ocr_line' id='line_1_7' title="bbox 134 1130 979 1205; baseline 0.005 -20"><span class='ocrx_word' id='word_1_41' title='bbox 134 1133 195 1186; x_wconf 84' lang='lat' dir='ltr'><strong>Hic</strong></span> <span class='ocrx_word' id='word_1_42' title='bbox 212 1130 304 1203; x_wconf 85' lang='lat' dir='ltr'><strong>igitur</strong></span> <span class='ocrx_word' id='word_1_43' title='bbox 321 1131 427 1186; x_wconf 83' lang='lat' dir='ltr'><strong>eiectus</strong></span> <span class='ocrx_word' id='word_1_44' title='bbox 447 1148 539 1205; x_wconf 87' lang='lat' dir='ltr'><strong>regno</strong></span> <span class='ocrx_word' id='word_1_45' title='bbox 554 1131 590 1185; x_wconf 83' lang='lat' dir='ltr'><strong>ah</strong></span> <span class='ocrx_word' id='word_1_46' title='bbox 612 1135 680 1187; x_wconf 88' lang='lat' dir='ltr'><strong>iove</strong></span> <span class='ocrx_word' id='word_1_47' title='bbox 704 1132 830 1187; x_wconf 85' lang='lat' dir='ltr'><strong>filiosuo</strong></span> <span class='ocrx_word' id='word_1_48' title='bbox 847 1132 931 1187; x_wconf 84' lang='lat' dir='ltr'><strong>latuit</strong></span> <span class='ocrx_word' id='word_1_49' title='bbox 948 1134 979 1189; x_wconf 91' lang='lat' dir='ltr'><strong>in</strong></span> 
     </span>
     <span class='ocr_line' id='line_1_8' title="bbox 134 1214 979 1275; baseline 0.002 -4"><span class='ocrx_word' id='word_1_50' title='bbox 134 1218 233 1271; x_wconf 82' lang='lat' dir='ltr'><strong>Latio.</strong></span> <span class='ocrx_word' id='word_1_51' title='bbox 259 1214 320 1271; x_wconf 85' lang='lat' dir='ltr'><strong>Sub</strong></span> <span class='ocrx_word' id='word_1_52' title='bbox 339 1214 442 1271; x_wconf 86' lang='lat' dir='ltr'><strong>eodem</strong></span> <span class='ocrx_word' id='word_1_53' title='bbox 460 1234 549 1271; x_wconf 84' lang='lat' dir='ltr'><strong>aurea</strong></span> <span class='ocrx_word' id='word_1_54' title='bbox 568 1215 675 1273; x_wconf 85' lang='lat' dir='ltr'><strong>dicitur</strong></span> <span class='ocrx_word' id='word_1_55' title='bbox 694 1226 770 1272; x_wconf 82' lang='lat' dir='ltr'><strong>aetas</strong></span> <span class='ocrx_word' id='word_1_56' title='bbox 786 1217 886 1275; x_wconf 76' lang='lat' dir='ltr'><strong>fuisse.</strong></span> <span class='ocrx_word' id='word_1_57' title='bbox 914 1220 979 1274; x_wconf 86' lang='lat' dir='ltr'><strong>Pin-</strong></span> 
     </span>
     <span class='ocr_line' id='line_1_9' title="bbox 134 1301 978 1377; baseline 0.007 -22"><span class='ocrx_word' id='word_1_58' title='bbox 134 1305 218 1374; x_wconf 80' lang='lat' dir='ltr'><strong>gitur</strong></span> <span class='ocrx_word' id='word_1_59' title='bbox 236 1311 268 1355; x_wconf 91' lang='lat' dir='ltr'><strong>ut</strong></span> <span class='ocrx_word' id='word_1_60' title='bbox 284 1317 372 1357; x_wconf 85' lang='lat' dir='ltr'><strong>senex</strong></span> <span class='ocrx_word' id='word_1_61' title='bbox 384 1301 491 1368; x_wconf 83' lang='lat' dir='ltr'><strong>nudus,</strong></span> <span class='ocrx_word' id='word_1_62' title='bbox 511 1302 669 1357; x_wconf 76' lang='lat' dir='ltr'><strong>instructus</strong></span> <span class='ocrx_word' id='word_1_63' title='bbox 684 1301 766 1371; x_wconf 83' lang='lat' dir='ltr'><strong>falce,</strong></span> <span class='ocrx_word' id='word_1_64' title='bbox 786 1321 892 1359; x_wconf 83' lang='lat' dir='ltr'><strong>vorans</strong></span> <span class='ocrx_word' id='word_1_65' title='bbox 908 1322 978 1377; x_wconf 84' lang='lat' dir='ltr'><strong>pua·</strong></span> 
     </span>
     <span class='ocr_line' id='line_1_10' title="bbox 135 1384 979 1459; baseline 0.006 -19"><span class='ocrx_word' id='word_1_66' title='bbox 135 1405 217 1441; x_wconf 84' lang='lat' dir='ltr'><strong>rum.</strong></span> <span class='ocrx_word' id='word_1_67' title='bbox 236 1384 405 1441; x_wconf 82' lang='lat' dir='ltr'><strong>Habebatnr</strong></span> <span class='ocrx_word' id='word_1_68' title='bbox 423 1385 494 1441; x_wconf 78' lang='lat' dir='ltr'><strong>dens</strong></span> <span class='ocrx_word' id='word_1_69' title='bbox 517 1390 667 1459; x_wconf 78' lang='lat' dir='ltr'><strong>temporie.</strong></span> <span class='ocrx_word' id='word_1_70' title='bbox 685 1424 718 1435; x_wconf 86' lang='lat'>-</span> <span class='ocrx_word' id='word_1_71' title='bbox 736 1408 764 1445; x_wconf 92' lang='lat' dir='ltr'><strong>v.</strong></span> <span class='ocrx_word' id='word_1_72' title='bbox 783 1397 822 1447; x_wconf 91' lang='grc'><strong>13.</strong></span> <span class='ocrx_word' id='word_1_73' title='bbox 841 1395 979 1456; x_wconf 72' lang='lat' dir='ltr'><strong>Atoatntt,</strong></span> 
     </span>
     <span class='ocr_line' id='line_1_11' title="bbox 134 1470 980 1545; baseline 0.004 -19"><span class='ocrx_word' id='word_1_74' title='bbox 134 1476 206 1527; x_wconf 88' lang='lat' dir='ltr'><strong>Don</strong></span> <span class='ocrx_word' id='word_1_75' title='bbox 225 1472 333 1525; x_wconf 68' lang='lat' dir='ltr'><strong>alvaro</strong></span> <span class='ocrx_word' id='word_1_76' title='bbox 352 1471 388 1525; x_wconf 89' lang='lat' dir='ltr'><strong>de</strong></span> <span class='ocrx_word' id='word_1_77' title='bbox 404 1470 492 1527; x_wconf 85' lang='lat' dir='ltr'><strong>Sondi</strong></span> <span class='ocrx_word' id='word_1_78' title='bbox 509 1472 661 1545; x_wconf 83' lang='lat' dir='ltr'><strong>Hispanus,</strong></span> <span class='ocrx_word' id='word_1_79' title='bbox 677 1474 842 1545; x_wconf 79' lang='lat' dir='ltr'><strong>praefectus</strong></span> <span class='ocrx_word' id='word_1_80' title='bbox 860 1474 980 1529; x_wconf 85' lang='lat' dir='ltr'><strong>miiitum</strong></span> 
     </span>
     <span class='ocr_line' id='line_1_12' title="bbox 134 1556 980 1631; baseline 0.005 -18"><span class='ocrx_word' id='word_1_81' title='bbox 134 1562 168 1613; x_wconf 88' lang='lat' dir='ltr'><strong>in</strong></span> <span class='ocrx_word' id='word_1_82' title='bbox 188 1558 282 1613; x_wconf 75' lang='lat' dir='ltr'><strong>munli</strong></span> <span class='ocrx_word' id='word_1_83' title='bbox 302 1556 486 1631; x_wconf 74' lang='lat' dir='ltr'><strong>expeditione</strong></span> <span class='ocrx_word' id='word_1_84' title='bbox 503 1557 641 1613; x_wconf 79' lang='lat' dir='ltr'><strong>adversus</strong></span> <span class='ocrx_word' id='word_1_85' title='bbox 655 1560 824 1615; x_wconf 87' lang='lat' dir='ltr'><strong>Daeherben</strong></span> <span class='ocrx_word' id='word_1_86' title='bbox 846 1561 980 1629; x_wconf 74' lang='lat' dir='ltr'><strong>(insulam</strong></span> 
     </span>
     <span class='ocr_line' id='line_1_13' title="bbox 135 1643 978 1716; baseline 0.001 -16"><span class='ocrx_word' id='word_1_87' title='bbox 135 1643 377 1716; x_wconf 84' lang='lat' dir='ltr'><strong>Lotophagorum</strong></span> <span class='ocrx_word' id='word_1_88' title='bbox 393 1644 527 1706; x_wconf 81' lang='lat' dir='ltr'><strong>Homeri)</strong></span> <span class='ocrx_word' id='word_1_89' title='bbox 546 1661 570 1698; x_wconf 87' lang='lat' dir='ltr'><strong>a.</strong></span> <span class='ocrx_word' id='word_1_90' title='bbox 593 1649 667 1701; x_wconf 83' lang='grc'><strong>1560.</strong></span> <span class='ocrx_word' id='word_1_91' title='bbox 689 1645 733 1701; x_wconf 84' lang='lat' dir='ltr'><strong>cf.</strong></span> <span class='ocrx_word' id='word_1_92' title='bbox 748 1647 894 1701; x_wconf 87' lang='lat' dir='ltr'><strong>Hammeri</strong></span> <span class='ocrx_word' id='word_1_93' title='bbox 908 1646 978 1701; x_wconf 83' lang='lat' dir='ltr'><strong>Hist.</strong></span> 
     </span>
     <span class='ocr_line' id='line_1_14' title="bbox 135 1729 979 1802; baseline 0.005 -19"><span class='ocrx_word' id='word_1_94' title='bbox 135 1735 173 1786; x_wconf 87' lang='lat' dir='ltr'><strong>R.</strong></span> <span class='ocrx_word' id='word_1_95' title='bbox 186 1730 281 1785; x_wconf 89' lang='lat' dir='ltr'><strong>Othm.</strong></span> <span class='ocrx_word' id='word_1_96' title='bbox 297 1729 356 1783; x_wconf 83' lang='lat' dir='ltr'><strong>rol.</strong></span> <span class='ocrx_word' id='word_1_97' title='bbox 371 1732 405 1782; x_wconf 93' lang='grc'><strong>11.</strong></span> <span class='ocrx_word' id='word_1_98' title='bbox 422 1747 450 1801; x_wconf 91' lang='lat' dir='ltr'><strong>p.</strong></span> <span class='ocrx_word' id='word_1_99' title='bbox 463 1736 513 1789; x_wconf 83' lang='grc'><strong>300</strong></span> <span class='ocrx_word' id='word_1_100' title='bbox 526 1747 590 1802; x_wconf 86' lang='lat' dir='ltr'><strong>aqq.</strong></span> <span class='ocrx_word' id='word_1_101' title='bbox 599 1764 632 1775; x_wconf 92' lang='grc'>-</span> <span class='ocrx_word' id='word_1_102' title='bbox 643 1748 670 1785; x_wconf 88' lang='grc' dir='ltr'><strong>ιι.</strong></span> <span class='ocrx_word' id='word_1_103' title='bbox 679 1736 719 1789; x_wconf 82' lang='grc'><strong>25.</strong></span> <span class='ocrx_word' id='word_1_104' title='bbox 739 1733 979 1791; x_wconf 71' lang='lat' dir='ltr'><strong>Fortunatiano.</strong></span> 
     </span>
     <span class='ocr_line' id='line_1_15' title="bbox 136 1812 981 1887; baseline 0.008 -19"><span class='ocrx_word' id='word_1_105' title='bbox 136 1814 233 1871; x_wconf 82' lang='lat' dir='ltr'><strong>facilia</strong></span> <span class='ocrx_word' id='word_1_106' title='bbox 251 1812 288 1867; x_wconf 88' lang='lat' dir='ltr'><strong>ad</strong></span> <span class='ocrx_word' id='word_1_107' title='bbox 304 1813 568 1887; x_wconf 81' lang='lat' dir='ltr'><strong>pariendumilor.</strong></span> <span class='ocrx_word' id='word_1_108' title='bbox 581 1815 674 1886; x_wconf 87' lang='lat' dir='ltr'><strong>Epod.</strong></span> <span class='ocrx_word' id='word_1_109' title='bbox 688 1824 733 1885; x_wconf 87' lang='grc'><strong>17,</strong></span> <span class='ocrx_word' id='word_1_110' title='bbox 745 1826 788 1877; x_wconf 80' lang='grc'><strong>50.</strong></span> <span class='ocrx_word' id='word_1_111' title='bbox 807 1823 840 1875; x_wconf 91' lang='grc' dir='ltr'><strong>Ρ.</strong></span> <span class='ocrx_word' id='word_1_112' title='bbox 856 1824 981 1875; x_wconf 73' lang='lat' dir='ltr'><strong>suerrus</strong></span> 
     </span>
     <span class='ocr_line' id='line_1_16' title="bbox 138 1900 977 1976; baseline 0.002 -18"><span class='ocrx_word' id='word_1_113' title='bbox 138 1906 159 1958; x_wconf 88' lang='lat' dir='ltr'><strong>i.</strong></span> <span class='ocrx_word' id='word_1_114' title='bbox 177 1922 206 1976; x_wconf 87' lang='lat' dir='ltr'><strong>q.</strong></span> <span class='ocrx_word' id='word_1_115' title='bbox 220 1918 268 1954; x_wconf 85' lang='lat' dir='ltr'><strong>ara</strong></span> <span class='ocrx_word' id='word_1_116' title='bbox 276 1900 452 1958; x_wconf 83' lang='lat' dir='ltr'><strong>obstetricia.</strong></span> <span class='ocrx_word' id='word_1_117' title='bbox 461 1935 496 1946; x_wconf 93' lang='lat'>-</span> <span class='ocrx_word' id='word_1_118' title='bbox 510 1919 537 1955; x_wconf 85' lang='lat' dir='ltr'><strong>v.</strong></span> <span class='ocrx_word' id='word_1_119' title='bbox 551 1908 594 1959; x_wconf 83' lang='lat'><strong>30.</strong></span> <span class='ocrx_word' id='word_1_120' title='bbox 613 1906 753 1970; x_wconf 74' lang='lat' dir='ltr'><strong>Amnem,</strong></span> <span class='ocrx_word' id='word_1_121' title='bbox 779 1921 807 1957; x_wconf 85' lang='lat' dir='ltr'><strong>v.</strong></span> <span class='ocrx_word' id='word_1_122' title='bbox 822 1905 876 1973; x_wconf 89' lang='lat' dir='ltr'><strong>IV,</strong></span> <span class='ocrx_word' id='word_1_123' title='bbox 890 1910 922 1969; x_wconf 86' lang='lat'><strong>1,</strong></span> <span class='ocrx_word' id='word_1_124' title='bbox 936 1909 977 1960; x_wconf 93' lang='grc'><strong>73.</strong></span> 
     </span>
     <span class='ocr_line' id='line_1_17' title="bbox 139 1988 979 2059; baseline 0.005 -16"><span class='ocrx_word' id='word_1_125' title='bbox 139 2019 176 2032; x_wconf 92' lang='lat'>-</span> <span class='ocrx_word' id='word_1_126' title='bbox 197 2009 226 2045; x_wconf 87' lang='lat' dir='ltr'><strong>v.</strong></span> <span class='ocrx_word' id='word_1_127' title='bbox 239 1996 282 2047; x_wconf 86' lang='grc'><strong>39.</strong></span> <span class='ocrx_word' id='word_1_128' title='bbox 301 1993 451 2045; x_wconf 70' lang='lat' dir='ltr'><strong>Statorius</strong></span> <span class='ocrx_word' id='word_1_129' title='bbox 467 1998 590 2044; x_wconf 84' lang='lat' dir='ltr'><strong>vocatur</strong></span> <span class='ocrx_word' id='word_1_130' title='bbox 605 1988 733 2059; x_wconf 87' lang='lat' dir='ltr'><strong>Iupiter,</strong></span> <span class='ocrx_word' id='word_1_131' title='bbox 752 1999 785 2043; x_wconf 86' lang='lat' dir='ltr'><strong>ut</strong></span> <span class='ocrx_word' id='word_1_132' title='bbox 802 2000 899 2047; x_wconf 86' lang='lat' dir='ltr'><strong>narrat</strong></span> <span class='ocrx_word' id='word_1_133' title='bbox 915 1990 979 2047; x_wconf 84' lang='lat' dir='ltr'><strong>Liv.</strong></span> 
     </span>
     <span class='ocr_line' id='line_1_18' title="bbox 142 2072 980 2147; baseline -0.007 -14"><span class='ocrx_word' id='word_1_134' title='bbox 142 2084 169 2141; x_wconf 85' lang='lat' dir='ltr'><strong>t,</strong></span> <span class='ocrx_word' id='word_1_135' title='bbox 180 2083 221 2133; x_wconf 75' lang='lat' dir='ltr'><strong>tt.</strong></span> <span class='ocrx_word' id='word_1_136' title='bbox 233 2085 394 2147; x_wconf 86' lang='lat' dir='ltr'><strong>propterea</strong></span> <span class='ocrx_word' id='word_1_137' title='bbox 412 2072 493 2147; x_wconf 84' lang='lat' dir='ltr'><strong>quod</strong></span> <span class='ocrx_word' id='word_1_138' title='bbox 510 2073 613 2145; x_wconf 83' lang='lat' dir='ltr'><strong>fugere</strong></span> <span class='ocrx_word' id='word_1_139' title='bbox 630 2073 785 2145; x_wconf 88' lang='lat' dir='ltr'><strong>prohibuit</strong></span> <span class='ocrx_word' id='word_1_140' title='bbox 794 2076 935 2129; x_wconf 82' lang='lat' dir='ltr'><strong>Romanoa</strong></span> <span class='ocrx_word' id='word_1_141' title='bbox 948 2092 980 2128; x_wconf 87' lang='lat' dir='ltr'><strong>ae</strong></span> 
     </span>
     <span class='ocr_line' id='line_1_19' title="bbox 141 2159 980 2235; baseline -0.006 -17"><span class='ocrx_word' id='word_1_142' title='bbox 141 2173 223 2218; x_wconf 87' lang='lat' dir='ltr'><strong>stare</strong></span> <span class='ocrx_word' id='word_1_143' title='bbox 241 2162 347 2235; x_wconf 78' lang='lat' dir='ltr'><strong>coegit.</strong></span> <span class='ocrx_word' id='word_1_144' title='bbox 365 2159 470 2215; x_wconf 84' lang='lat' dir='ltr'><strong>Cicero</strong></span> <span class='ocrx_word' id='word_1_145' title='bbox 487 2176 559 2214; x_wconf 86' lang='lat' dir='ltr'><strong>vero</strong></span> <span class='ocrx_word' id='word_1_146' title='bbox 577 2160 637 2215; x_wconf 85' lang='lat' dir='ltr'><strong>Cat.</strong></span> <span class='ocrx_word' id='word_1_147' title='bbox 658 2164 741 2223; x_wconf 86' lang='grc'><strong>1,13.</strong></span> <span class='ocrx_word' id='word_1_148' title='bbox 768 2160 913 2215; x_wconf 82' lang='lat' dir='ltr'><strong>Statorem</strong></span> <span class='ocrx_word' id='word_1_149' title='bbox 932 2178 980 2231; x_wconf 85' lang='lat' dir='ltr'><strong>ap·</strong></span> 
     </span>
     <span class='ocr_line' id='line_1_20' title="bbox 142 2244 982 2322; baseline -0.011 -20"><span class='ocrx_word' id='word_1_150' title='bbox 142 2248 235 2322; x_wconf 87' lang='lat' dir='ltr'><strong>pellat</strong></span> <span class='ocrx_word' id='word_1_151' title='bbox 252 2257 284 2301; x_wconf 90' lang='lat' dir='ltr'><strong>ut</strong></span> <span class='ocrx_word' id='word_1_152' title='bbox 300 2256 481 2300; x_wconf 82' lang='lat' dir='ltr'><strong>servatorem</strong></span> <span class='ocrx_word' id='word_1_153' title='bbox 490 2244 538 2298; x_wconf 78' lang='lat' dir='ltr'><strong>vel</strong></span> <span class='ocrx_word' id='word_1_154' title='bbox 550 2244 765 2300; x_wconf 80' lang='lat' dir='ltr'><strong>salvatorem-</strong></span> <span class='ocrx_word' id='word_1_155' title='bbox 780 2262 808 2300; x_wconf 89' lang='lat' dir='ltr'><strong>v.</strong></span> <span class='ocrx_word' id='word_1_156' title='bbox 816 2250 856 2301; x_wconf 79' lang='grc'><strong>15.</strong></span> <span class='ocrx_word' id='word_1_157' title='bbox 883 2250 982 2311; x_wconf 70' lang='lat' dir='ltr'><strong>Vespa.</strong></span> 
     </span>
     <span class='ocr_line' id='line_1_21' title="bbox 140 2328 983 2402; baseline -0.005 -13"><span class='ocrx_word' id='word_1_158' title='bbox 140 2342 245 2389; x_wconf 76' lang='lat' dir='ltr'><strong>stanna</strong></span> <span class='ocrx_word' id='word_1_159' title='bbox 263 2331 355 2400; x_wconf 82' lang='lat' dir='ltr'><strong>(Titus</strong></span> <span class='ocrx_word' id='word_1_160' title='bbox 372 2330 497 2389; x_wconf 82' lang='lat' dir='ltr'><strong>Flavius)</strong></span> <span class='ocrx_word' id='word_1_161' title='bbox 515 2329 752 2402; x_wconf 75' lang='lat' dir='ltr'><strong>septuagenarius</strong></span> <span class='ocrx_word' id='word_1_162' title='bbox 770 2338 924 2399; x_wconf 84' lang='lat' dir='ltr'><strong>correptus</strong></span> <span class='ocrx_word' id='word_1_163' title='bbox 940 2328 983 2385; x_wconf 83' lang='lat' dir='ltr'><strong>fe·</strong></span> 
     </span>
     <span class='ocr_line' id='line_1_22' title="bbox 142 2412 983 2481; baseline -0.002 -7"><span class='ocrx_word' id='word_1_164' title='bbox 142 2419 192 2474; x_wconf 88' lang='lat' dir='ltr'><strong>bri</strong></span> <span class='ocrx_word' id='word_1_165' title='bbox 209 2418 368 2473; x_wconf 79' lang='lat' dir='ltr'><strong>moriturus</strong></span> <span class='ocrx_word' id='word_1_166' title='bbox 384 2415 413 2469; x_wconf 89' lang='lat' dir='ltr'><strong>in</strong></span> <span class='ocrx_word' id='word_1_167' title='bbox 430 2413 541 2471; x_wconf 77' lang='lat' dir='ltr'><strong>Sabinis</strong></span> <span class='ocrx_word' id='word_1_168' title='bbox 560 2415 721 2481; x_wconf 77' lang='lat' dir='ltr'><strong>Caesarem,</strong></span> <span class='ocrx_word' id='word_1_169' title='bbox 739 2414 788 2480; x_wconf 88' lang='lat' dir='ltr'><strong>ait,</strong></span> <span class='ocrx_word' id='word_1_170' title='bbox 806 2412 890 2469; x_wconf 86' lang='lat' dir='ltr'><strong>decet</strong></span> <span class='ocrx_word' id='word_1_171' title='bbox 906 2416 983 2472; x_wconf 86' lang='lat' dir='ltr'><strong>mori</strong></span> 
     </span>
     <span class='ocr_line' id='line_1_23' title="bbox 144 2500 983 2572; baseline -0.004 -14"><span class='ocrx_word' id='word_1_172' title='bbox 144 2513 316 2559; x_wconf 80' lang='lat' dir='ltr'><strong>stantem-</strong></span> <span class='ocrx_word' id='word_1_173' title='bbox 334 2521 362 2561; x_wconf 87' lang='lat' dir='ltr'><strong>v.</strong></span> <span class='ocrx_word' id='word_1_174' title='bbox 372 2507 413 2563; x_wconf 74' lang='lat'><strong>54.</strong></span> <span class='ocrx_word' id='word_1_175' title='bbox 428 2506 578 2555; x_wconf 71' lang='lat' dir='ltr'><strong>Sarranae</strong></span> <span class='ocrx_word' id='word_1_176' title='bbox 590 2504 679 2555; x_wconf 71' lang='lat' dir='ltr'><strong>imber</strong></span> <span class='ocrx_word' id='word_1_177' title='bbox 690 2516 746 2571; x_wconf 86' lang='lat' dir='ltr'><strong>pro</strong></span> <span class='ocrx_word' id='word_1_178' title='bbox 756 2516 900 2572; x_wconf 86' lang='lat' dir='ltr'><strong>purpura.</strong></span> <span class='ocrx_word' id='word_1_179' title='bbox 917 2500 983 2555; x_wconf 84' lang='lat' dir='ltr'><strong>Sar-</strong></span> 
     </span>
     <span class='ocr_line' id='line_1_24' title="bbox 144 2584 982 2660; baseline -0.007 -15"><span class='ocrx_word' id='word_1_180' title='bbox 144 2608 180 2645; x_wconf 81' lang='lat' dir='ltr'><strong>ra</strong></span> <span class='ocrx_word' id='word_1_181' title='bbox 199 2589 275 2643; x_wconf 89' lang='lat' dir='ltr'><strong>enim</strong></span> <span class='ocrx_word' id='word_1_182' title='bbox 290 2587 438 2660; x_wconf 82' lang='lat' dir='ltr'><strong>antiquum</strong></span> <span class='ocrx_word' id='word_1_183' title='bbox 449 2597 494 2641; x_wconf 81' lang='lat' dir='ltr'><strong>est</strong></span> <span class='ocrx_word' id='word_1_184' title='bbox 509 2602 616 2641; x_wconf 86' lang='lat' dir='ltr'><strong>nomen</strong></span> <span class='ocrx_word' id='word_1_185' title='bbox 628 2584 748 2655; x_wconf 72' lang='lat' dir='ltr'><strong>Tyri-</strong></span> <span class='ocrx_word' id='word_1_186' title='bbox 758 2590 839 2645; x_wconf 78' lang='grc' dir='ltr'><strong>ιι.57.</strong></span> <span class='ocrx_word' id='word_1_187' title='bbox 857 2586 982 2658; x_wconf 64' lang='lat' dir='ltr'><strong>Scripsit</strong></span> 
     </span>
     <span class='ocr_line' id='line_1_25' title="bbox 143 2667 984 2745; baseline -0.005 -14"><span class='ocrx_word' id='word_1_188' title='bbox 143 2683 239 2731; x_wconf 75' lang='lat' dir='ltr'><strong>natent</strong></span> <span class='ocrx_word' id='word_1_189' title='bbox 260 2690 333 2745; x_wconf 88' lang='lat' dir='ltr'><strong>pro:</strong></span> <span class='ocrx_word' id='word_1_190' title='bbox 351 2690 468 2741; x_wconf 67' lang='lat' dir='ltr'><strong>pomam</strong></span> <span class='ocrx_word' id='word_1_191' title='bbox 487 2670 522 2724; x_wconf 87' lang='lat' dir='ltr'><strong>cf.</strong></span> <span class='ocrx_word' id='word_1_192' title='bbox 543 2667 595 2725; x_wconf 80' lang='lat' dir='ltr'><strong>od.</strong></span> <span class='ocrx_word' id='word_1_193' title='bbox 607 2673 653 2736; x_wconf 88' lang='lat' dir='ltr'><strong>tv,</strong></span> <span class='ocrx_word' id='word_1_194' title='bbox 667 2676 709 2737; x_wconf 79' lang='lat' dir='ltr'><strong>tt,</strong></span> <span class='ocrx_word' id='word_1_195' title='bbox 722 2676 762 2729; x_wconf 73' lang='grc'><strong>211.</strong></span> <span class='ocrx_word' id='word_1_196' title='bbox 778 2702 814 2715; x_wconf 91' lang='lat'><strong>-·</strong></span> <span class='ocrx_word' id='word_1_197' title='bbox 831 2688 860 2727; x_wconf 85' lang='lat' dir='ltr'><strong>v.</strong></span> <span class='ocrx_word' id='word_1_198' title='bbox 869 2675 910 2731; x_wconf 85' lang='grc'><strong>63.</strong></span> <span class='ocrx_word' id='word_1_199' title='bbox 928 2676 984 2727; x_wconf 75' lang='lat' dir='ltr'><strong>Me·</strong></span> 
     </span>
     <span class='ocr_line' id='line_1_26' title="bbox 147 2754 986 2830; baseline -0.011 -12"><span class='ocrx_word' id='word_1_200' title='bbox 147 2768 217 2819; x_wconf 67' lang='lat' dir='ltr'><strong>tutta·</strong></span> <span class='ocrx_word' id='word_1_201' title='bbox 240 2764 389 2830; x_wconf 75' lang='lat' dir='ltr'><strong>neptentta</strong></span> <span class='ocrx_word' id='word_1_202' title='bbox 411 2759 440 2814; x_wconf 73' lang='lat' dir='ltr'><strong>te</strong></span> <span class='ocrx_word' id='word_1_203' title='bbox 461 2774 486 2811; x_wconf 88' lang='lat' dir='ltr'><strong>e.</strong></span> <span class='ocrx_word' id='word_1_204' title='bbox 511 2756 588 2811; x_wconf 84' lang='lat' dir='ltr'><strong>tauri</strong></span> <span class='ocrx_word' id='word_1_205' title='bbox 612 2754 755 2814; x_wconf 79' lang='lat' dir='ltr'><strong>Phalerei.</strong></span> <span class='ocrx_word' id='word_1_206' title='bbox 769 2784 803 2797; x_wconf 89' lang='lat'>-</span> <span class='ocrx_word' id='word_1_207' title='bbox 820 2774 848 2813; x_wconf 85' lang='lat' dir='ltr'><strong>v.</strong></span> <span class='ocrx_word' id='word_1_208' title='bbox 867 2762 909 2813; x_wconf 86' lang='lat'><strong>70.</strong></span> <span class='ocrx_word' id='word_1_209' title='bbox 929 2757 986 2811; x_wconf 83' lang='lat' dir='ltr'><strong>Bu·</strong></span> 
     </span>
     <span class='ocr_line' id='line_1_27' title="bbox 146 2838 987 2919; baseline -0.011 -15"><span class='ocrx_word' id='word_1_210' title='bbox 146 2848 224 2910; x_wconf 82' lang='lat' dir='ltr'><strong>siria,</strong></span> <span class='ocrx_word' id='word_1_211' title='bbox 244 2858 383 2919; x_wconf 80' lang='lat' dir='ltr'><strong>tyrannus</strong></span> <span class='ocrx_word' id='word_1_212' title='bbox 396 2842 528 2917; x_wconf 81' lang='lat' dir='ltr'><strong>Aegypti,</strong></span> <span class='ocrx_word' id='word_1_213' title='bbox 548 2838 598 2915; x_wconf 84' lang='lat' dir='ltr'><strong>qui</strong></span> <span class='ocrx_word' id='word_1_214' title='bbox 613 2842 771 2897; x_wconf 74' lang='lat' dir='ltr'><strong>sterilitatis</strong></span> <span class='ocrx_word' id='word_1_215' title='bbox 783 2853 916 2915; x_wconf 88' lang='lat' dir='ltr'><strong>tempore</strong></span> <span class='ocrx_word' id='word_1_216' title='bbox 929 2840 987 2895; x_wconf 86' lang='lat' dir='ltr'><strong>deis</strong></span> 
     </span>
     <span class='ocr_line' id='line_1_28' title="bbox 146 2925 987 3005; baseline -0.008 -17"><span class='ocrx_word' id='word_1_217' title='bbox 146 2932 283 2989; x_wconf 78' lang='lat' dir='ltr'><strong>mactavit</strong></span> <span class='ocrx_word' id='word_1_218' title='bbox 300 2931 491 3005; x_wconf 82' lang='lat' dir='ltr'><strong>peregrinos,</strong></span> <span class='ocrx_word' id='word_1_219' title='bbox 513 2930 544 2983; x_wconf 90' lang='lat' dir='ltr'><strong>in</strong></span> <span class='ocrx_word' id='word_1_220' title='bbox 566 2927 609 2981; x_wconf 85' lang='lat' dir='ltr'><strong>his</strong></span> <span class='ocrx_word' id='word_1_221' title='bbox 625 2925 750 2997; x_wconf 86' lang='lat' dir='ltr'><strong>primum</strong></span> <span class='ocrx_word' id='word_1_222' title='bbox 770 2928 832 2983; x_wconf 85' lang='lat' dir='ltr'><strong>eina</strong></span> <span class='ocrx_word' id='word_1_223' title='bbox 850 2925 987 2981; x_wconf 75' lang='lat' dir='ltr'><strong>facinoris</strong></span> 
     </span>
     <span class='ocr_line' id='line_1_29' title="bbox 147 3009 986 3077; baseline -0.01 -2"><span class='ocrx_word' id='word_1_224' title='bbox 147 3034 309 3075; x_wconf 81' lang='lat' dir='ltr'><strong>suasorem.</strong></span> <span class='ocrx_word' id='word_1_225' title='bbox 318 3045 352 3059; x_wconf 93' lang='lat'>-</span> <span class='ocrx_word' id='word_1_226' title='bbox 369 3034 398 3071; x_wconf 85' lang='lat' dir='ltr'><strong>v.</strong></span> <span class='ocrx_word' id='word_1_227' title='bbox 411 3021 453 3072; x_wconf 91' lang='grc'><strong>77.</strong></span> <span class='ocrx_word' id='word_1_228' title='bbox 471 3019 735 3072; x_wconf 67' lang='lat' dir='ltr'><strong>recurrerentur</strong></span> <span class='ocrx_word' id='word_1_229' title='bbox 745 3019 797 3069; x_wconf 84' lang='lat' dir='ltr'><strong>cet.</strong></span> <span class='ocrx_word' id='word_1_230' title='bbox 810 3012 848 3067; x_wconf 80' lang='lat' dir='ltr'><strong>ef.</strong></span> <span class='ocrx_word' id='word_1_231' title='bbox 865 3009 922 3068; x_wconf 78' lang='lat' dir='ltr'><strong>ot.</strong></span> <span class='ocrx_word' id='word_1_232' title='bbox 934 3012 986 3077; x_wconf 82' lang='lat' dir='ltr'><strong>IV,</strong></span> 
     </span>
     <span class='ocr_line' id='line_1_30' title="bbox 147 3103 464 3172; baseline 0.009 -9"><span class='ocrx_word' id='word_1_233' title='bbox 147 3112 192 3163; x_wconf 76' lang='grc' dir='ltr'><strong>ιι.</strong></span> <span class='ocrx_word' id='word_1_234' title='bbox 210 3109 254 3163; x_wconf 78' lang='grc' dir='ltr'><strong>ιι.</strong></span> <span class='ocrx_word' id='word_1_235' title='bbox 276 3104 338 3172; x_wconf 84' lang='grc' dir='ltr'>(ιιι,</span> <span class='ocrx_word' id='word_1_236' title='bbox 351 3106 395 3167; x_wconf 80' lang='lat' dir='ltr'><strong>tt,</strong></span> <span class='ocrx_word' id='word_1_237' title='bbox 409 3103 464 3166; x_wconf 74' lang='grc' dir='ltr'><strong>ιι.)</strong></span> 
     </span>
    </p>

    <p class='ocr_par' dir='ltr' id='par_1_6' title="bbox 220 3185 777 3252">
     <span class='ocr_line' id='line_1_31' title="bbox 220 3185 777 3252; baseline -0.016 -7"><span class='ocrx_word' id='word_1_238' title='bbox 220 3187 294 3245; x_wconf 78' lang='lat' dir='ltr'><strong>ote</strong></span> <span class='ocrx_word' id='word_1_239' title='bbox 311 3191 346 3246; x_wconf 82' lang='lat' dir='ltr'><strong>V.</strong></span> <span class='ocrx_word' id='word_1_240' title='bbox 366 3193 444 3246; x_wconf 81' lang='lat' dir='ltr'><strong>v.to.</strong></span> <span class='ocrx_word' id='word_1_241' title='bbox 463 3185 574 3251; x_wconf 79' lang='lat' dir='ltr'><strong>Tillius,</strong></span> <span class='ocrx_word' id='word_1_242' title='bbox 592 3202 620 3237; x_wconf 85' lang='lat' dir='ltr'><strong>v.</strong></span> <span class='ocrx_word' id='word_1_243' title='bbox 634 3186 657 3252; x_wconf 88' lang='lat'><strong>1,</strong></span> <span class='ocrx_word' id='word_1_244' title='bbox 675 3190 717 3243; x_wconf 76' lang='lat' dir='ltr'><strong>tt.</strong></span> <span class='ocrx_word' id='word_1_245' title='bbox 737 3192 777 3243; x_wconf 85' lang='grc'><strong>13.</strong></span> 
     </span>
    </p>

    <p class='ocr_par' dir='ltr' id='par_1_7' title="bbox 151 3268 993 3515">
     <span class='ocr_line' id='line_1_32' title="bbox 220 3268 990 3337; baseline -0.013 -4"><span class='ocrx_word' id='word_1_246' title='bbox 220 3274 308 3333; x_wconf 78' lang='lat' dir='ltr'><strong>ota</strong></span> <span class='ocrx_word' id='word_1_247' title='bbox 332 3276 382 3330; x_wconf 85' lang='lat' dir='ltr'><strong>Vi.</strong></span> <span class='ocrx_word' id='word_1_248' title='bbox 411 3290 440 3327; x_wconf 82' lang='lat' dir='ltr'><strong>v.</strong></span> <span class='ocrx_word' id='word_1_249' title='bbox 455 3280 480 3330; x_wconf 86' lang='lat'><strong>5.</strong></span> <span class='ocrx_word' id='word_1_250' title='bbox 502 3271 660 3327; x_wconf 83' lang='lat' dir='ltr'><strong>Praxiteles</strong></span> <span class='ocrx_word' id='word_1_251' title='bbox 687 3268 858 3335; x_wconf 79' lang='lat' dir='ltr'><strong>statuarius,</strong></span> <span class='ocrx_word' id='word_1_252' title='bbox 884 3270 933 3337; x_wconf 85' lang='grc' dir='ltr'><strong>(ιι.</strong></span> <span class='ocrx_word' id='word_1_253' title='bbox 947 3269 990 3331; x_wconf 83' lang='grc'><strong>3.)</strong></span> 
     </span>
     <span class='ocr_line' id='line_1_33' title="bbox 151 3352 993 3431; baseline -0.018 -12"><span class='ocrx_word' id='word_1_254' title='bbox 151 3362 257 3419; x_wconf 80' lang='lat' dir='ltr'><strong>Zeuxis</strong></span> <span class='ocrx_word' id='word_1_255' title='bbox 272 3357 473 3416; x_wconf 77' lang='lat' dir='ltr'><strong>Heracleensis</strong></span> <span class='ocrx_word' id='word_1_256' title='bbox 495 3356 592 3431; x_wconf 86' lang='lat' dir='ltr'><strong>pictor</strong></span> <span class='ocrx_word' id='word_1_257' title='bbox 607 3355 721 3411; x_wconf 84' lang='lat' dir='ltr'><strong>nobilia.</strong></span> <span class='ocrx_word' id='word_1_258' title='bbox 735 3384 771 3399; x_wconf 87' lang='lat'><strong>-·</strong></span> <span class='ocrx_word' id='word_1_259' title='bbox 787 3373 815 3413; x_wconf 80' lang='lat' dir='ltr'><strong>v.</strong></span> <span class='ocrx_word' id='word_1_260' title='bbox 829 3360 852 3411; x_wconf 95' lang='grc'><strong>7.</strong></span> <span class='ocrx_word' id='word_1_261' title='bbox 871 3352 993 3409; x_wconf 73' lang='lat' dir='ltr'><strong>Antoni-</strong></span> 
     </span>
     <span class='ocr_line' id='line_1_34' title="bbox 151 3438 990 3515; baseline -0.01 -11"><span class='ocrx_word' id='word_1_262' title='bbox 151 3465 207 3504; x_wconf 89' lang='lat' dir='ltr'><strong>nua</strong></span> <span class='ocrx_word' id='word_1_263' title='bbox 226 3446 303 3514; x_wconf 77' lang='lat' dir='ltr'><strong>Pina,</strong></span> <span class='ocrx_word' id='word_1_264' title='bbox 322 3446 427 3503; x_wconf 81' lang='lat' dir='ltr'><strong>Caesar</strong></span> <span class='ocrx_word' id='word_1_265' title='bbox 439 3446 593 3513; x_wconf 78' lang='lat' dir='ltr'><strong>Romanus,</strong></span> <span class='ocrx_word' id='word_1_266' title='bbox 612 3443 648 3498; x_wconf 88' lang='lat' dir='ltr'><strong>ab</strong></span> <span class='ocrx_word' id='word_1_267' title='bbox 661 3460 686 3498; x_wconf 90' lang='lat' dir='ltr'><strong>a.</strong></span> <span class='ocrx_word' id='word_1_268' title='bbox 700 3444 832 3501; x_wconf 81' lang='grc'><strong>138-161</strong></span> <span class='ocrx_word' id='word_1_269' title='bbox 852 3438 990 3515; x_wconf 86' lang='lat' dir='ltr'><strong>regnavit.</strong></span> 
     </span>
    </p>
   </div>
   <div class='ocr_carea' id='block_1_6' title="bbox 0 0 1323 4284">
    <p class='ocr_par' dir='ltr' id='par_1_8' title="bbox 0 0 1323 4284">
     <span class='ocr_line' id='line_1_35' title="bbox 0 0 1323 4284; baseline 0 0"><span class='ocrx_word' id='word_1_270' title='bbox 0 0 1323 4284; x_wconf 95' lang='lat' dir='ltr'><strong> </strong></span> 
     </span>
    </p>
   </div>
  </div>
 </body>
</html>
