2600 4284
411 524 583 595 Lyricorum
594 525 658 582 Lib.
677 528 700 581 l.
721 531 762 585 tc.

195 695 356 792 Quadriga
380 697 465 759 Solis
488 696 592 759 fertur
614 699 649 759 in
671 699 809 762 aethere.
855 747 865 780 p
972 792 980 803 ,
1013 793 1018 805 ι

195 798 258 892 Qui
279 798 350 859 sule
372 809 457 858 tanto
478 797 598 860 clarior
619 800 720 862 altero

232 901 297 960 Per
312 897 552 960 Christiani
574 899 665 984 signa
684 899 788 964 tendit

275 998 452 1062 Zodiaci
474 997 619 1063 duodena
643 1020 772 1062 cursum
883 1070 889 1088 ,

197 1150 279 1212 Olim
300 1151 437 1215 beandis
459 1151 570 1214 nobile
592 1154 754 1216 mentibus

196 1255 324 1313 hletatus
352 1273 476 1314 aevum.
518 1256 606 1318 Talia
627 1256 783 1341 plurimus

234 1359 354 1416 Tecum
376 1354 593 1418 volutabas'in
615 1358 727 1419 umbra

270 1455 365 1518 Pacis
389 1477 496 1518 amans
518 1455 726 1542 placidaeque
749 1477 873 1547 scenae.
915 1439 919 1447 .

195 1609 252 1670 liic
273 1623 306 1670 et
327 1607 490 1670 theatrum
514 1610 601 1671 solus
623 1630 694 1671 eras
716 1624 802 1672 tuum

192 1709 229 1771 Et
249 1723 340 1771 actor
365 1721 400 1770 ct
421 1724 583 1791 spectator
606 1712 640 1771 in
661 1710 775 1774 intimo

232 1811 293 1872 'l'ui
316 1829 464 1872 recessu.
510 1811 584 1876 Vita
605 1829 705 1893 purae

274 1916 381 1974 lustar
403 1930 505 1994 aquae
527 1911 599 1971 sine
621 1910 694 1973 labe
713 1907 814 1979 fluxit.

192 2048 235 2112 Os
257 2070 339 2112 vero
361 2047 500 2130 Delphis
522 2045 719 2132 relligiosius

191 2151 367 2232 Vultusque
389 2147 515 2230 pallens
537 2161 569 2210 et
592 2146 692 2210 macie
715 2168 806 2210 sacer
814 2168 824 2226 3

229 2253 340 2332 Imago
362 2264 429 2311 tam
451 2246 553 2310 dulcis
576 2247 699 2311 videnti

270 2349 379 2445 Quam
402 2349 516 2434 gracili
539 2347 722 2412 veneranda
744 2363 859 2412 metro.

192 2491 296 2553 Eheu!
322 2488 406 2551 cinis
426 2508 511 2549 nunc
533 2486 591 2560 suh
612 2487 731 2548 tumulo
754 2485 852 2562 iaces,

221 2615 271 2667 uo,
295 2597 401 2664 Musa,
428 2588 521 2650 stulte
545 2585 687 2650 flebilis?
710 2583 888 2668 improbam

231 2696 411 2775 Compesce
433 2687 605 2752 chordaml
639 2688 737 2750 Cuius
758 2685 890 2770 impona·

273 2810 350 2857 tuna
373 2811 487 2855 necem
509 2791 621 2874 gemis,
646 2788 702 2850 ille
722 2786 849 2850 dormit.

196 2931 348 2994 bioneuda
371 2931 435 2993 iam
455 2948 550 3001 nunc,
573 2941 608 2989 ut
625 2927 721 2988 tacito
741 2923 825 3006 pede

196 3035 278 3096 iuxta
301 3031 510 3116 sepulchrum
531 3027 672 3089 molliter
688 3024 838 3088 ambules.
941 3083 945 3094 ,

234 3135 328 3198 Senis
347 3130 476 3214 fatigati
498 3128 639 3212 quietum

274 3239 376 3298 Parce
400 3252 482 3294 sono
506 3229 625 3292 violare
650 3247 805 3289 somnum.

500 3367 656 3383 ..ι-*1*
