2600 4284
409 505 580 575 Lyricorum
599 505 663 560 Lib.
683 508 706 560 l.
728 514 767 565 19.

214 678 283 737 Heu
302 673 424 759 pudor!
453 697 583 760 semper
606 679 741 741 meritos
762 680 903 744 bonores

209 778 332 841 Deterit
354 779 469 862 vulgus
498 799 605 862 neque
625 781 711 844 bella
730 782 811 844 iusta

209 881 308 941 lance
327 879 462 941 metitur
484 876 686 964 ducibusque
706 883 807 946 Livor

458 979 565 1064 Digna
592 981 754 1062 rependit.

207 1079 335 1141 Gloriae
354 1081 444 1141 nullo
466 1080 638 1142 minuenda
660 1101 747 1156 casu,

205 1178 271 1240 Alta
291 1179 424 1242 sublimi
445 1195 551 1242 manet
572 1203 630 1243 ore
654 1182 783 1261 Virtus3

206 1279 271 1341 Sola
294 1281 466 1361 percussis
488 1281 643 1344 labefacta
666 1285 777 1346 nervis

454 1384 601 1465 Corpora
624 1383 741 1445 sidunt.

206 1477 289 1539 Stare
313 1478 344 1538 si
366 1481 528 1565 quondam
549 1498 634 1546 vetat
655 1483 688 1543 in
710 1484 818 1546 duello
899 1527 905 1536 ·

209 1578 280 1640 Sors
302 1579 424 1656 virum,
441 1604 507 1644 non
529 1598 560 1645 ct
573 1599 660 1647 vetet
679 1586 834 1648 incubare

204 1681 385 1744 Grandibus
407 1681 518 1762 factis3
542 1686 620 1747 situs
641 1687 695 1748 bic
716 1686 874 1749 iacentem

452 1783 559 1846 Altius
580 1783 686 1848 effert.

202 1877 306 1971 Qualis
329 1882 454 1964 Alpino
474 1886 541 1948 ruit
561 1886 622 1948 icta
645 1885 737 1948 ferro

202 1980 344 2072 Quercus
364 1998 410 2056 et,
431 1998 597 2068 postquam
617 1985 755 2069 pedibus
778 1985 890 2048 solutis

201 2083 284 2144 Colla
306 2082 442 2188 deiecip,
465 2085 571 2148 medio
595 2087 726 2170 fragore

451 2191 612 2250 Provocat
635 2190 777 2250 Austros.

201 2285 248 2348 Sic
269 2286 460 2350 Alexander
479 2289 593 2374 Libyci
615 2288 777 2362 Tonantis,

200 2387 247 2449 Sic
267 2387 361 2448 humi
385 2387 512 2469 Tydeus
535 2392 680 2450 Danaum
701 2387 824 2472 quievit

199 2489 309 2573 Strage
332 2487 486 2549 Thebans
506 2491 672 2572 nimioque
692 2490 750 2551 leti

448 2591 597 2654 Pondere
617 2591 732 2652 fessus.

198 2688 306 2748 Rebus
329 2690 476 2753 adversis
497 2694 621 2755 animus
642 2691 806 2774 probatur,

198 2795 277 2856 Num
300 2793 366 2856 sibi
387 2806 520 2855 constet.
549 2797 678 2855 Fremat
700 2791 802 2854 hostis
822 2810 918 2862 arma,
1000 2807 1033 2859 30

197 2894 281 2957 Vera
302 2892 439 2957 libertas
461 2893 585 2958 medios
599 2917 660 2978 per
683 2893 789 2978 igneis

450 2994 545 3060 Vadit
565 3011 597 3058 ct
619 2996 737 3058 enseis.

195 3095 245 3155 Nil
266 3115 382 3158 moror
403 3095 550 3176 plebem:
592 3098 676 3159 iacet
696 3097 751 3157 illc
773 3111 913 3175 magnus,

197 3193 259 3287 Qui
279 3195 368 3260 cadit
391 3214 543 3277 magnus3
579 3196 722 3259 celebrat
740 3194 844 3269 ruina,

194 3298 262 3359 Non
283 3295 409 3380 premit
427 3293 560 3380 fortem,
580 3296 755 3381 titubatque
776 3295 887 3378 pulcra
994 3298 1030 3349 35

453 3400 596 3461 Truncus
614 3395 648 3458 in
670 3392 729 3458 ira.

728 3500 763 3551 a&
