2600 4284
389 502 563 574 Lyricorum
580 500 642 556 lib.
661 502 696 558 lt
714 508 757 559 35.
947 510 1008 579 157

189 673 265 769 Quid
286 674 317 735 in
335 692 447 759 poetas
467 676 645 748 immeritus
659 674 757 737 luris

189 778 253 837 Heu
272 776 394 860 praedo
417 777 530 840 rucis?
550 780 617 840 Nos
641 778 779 862 graciles
799 796 907 841 sumus

221 878 390 963 Genusque
407 881 546 958 Dirum3
568 878 616 939 nil
635 877 764 959 eaduuis
913 932 918 943 ,
979 888 1010 939 ¹5

258 980 421 1042 Imbribus
442 994 496 1042 aut
514 978 629 1041 humili
649 979 785 1063 pruinae
867 1029 872 1042 .

186 1161 395 1223 Ferruminati
417 1163 565 1245 corporis
588 1182 700 1224 osseus

186 1266 353 1347 llaeerque
375 1261 489 1325 debet:
521 1262 694 1349 pinguibus
716 1263 843 1352 ingruat

220 1367 348 1428 Limosa
369 1377 541 1445 tempestas
566 1378 597 1425 et
618 1363 731 1425 Austri

262 1464 435 1530 Proluvies
455 1464 533 1527 mala
555 1448 731 1528 tussientis.

189 1648 247 1708 lllis
267 1628 454 1731 supremum
476 1646 529 1708 dic
552 1626 631 1709 adeo
654 1645 751 1720 diem,

191 1750 295 1813 Mortis
317 1748 456 1810 satelles.
483 1748 615 1810 Scilicet
634 1744 763 1809 audior!
842 1776 857 1807 ἰ
880 1791 895 1808 ..

226 1852 397 1914 Grassatur
417 1848 452 1909 in
464 1861 581 1911 memet
601 1849 656 1910 ivel
676 1848 761 1919 intus

263 1954 357 2015 Stare
372 1965 466 2013 tenax
487 1952 695 2036 vel‘aquos'us
716 1948 770 2012 im,
854 1996 861 2010 ,
921 2005 924 2013 .

196 2133 330 2194 Humore
350 2133 440 2195 leuto
461 2153 522 2215 per
542 2153 618 2194 cara
638 2127 778 2192 faucium
800 2141 834 2188 et

195 2233 279 2295 Ludit
299 2232 493 2295 medenteis.
524 2232 611 2329 Quot
631 2229 741 2292 videas
760 2229 851 2292 viros
920 2236 924 2243 ’

227 2336 276 2395 Ab
299 2346 449 2395 execrata
470 2334 542 2395 labe
564 2346 665 2396 tactos
915 2326 919 2336 ’
951 2322 954 2327 ’

267 2440 368 2497 Lassa
391 2434 459 2497 solo
479 2434 625 2551 posuisse
647 2431 771 2495 collal·
897 2443 912 2471 ’-

195 2606 269 2667 Dum
289 2606 405 2687 cymba
424 2604 508 2667 vitae
530 2626 564 2667 se
584 2553 780 2665 iuvenilibus

197 2708 299 2771 Remis
319 2706 465 2789 adurget,
489 2706 568 2767 clam
589 2704 712 2767 ferus
703 2704 826 2765 irruit'
836 2692 902 2779 J
938 2714 961 2782 Ἰ
986 2736 992 2753 ·

229 2812 335 2873 Pirata
359 2805 590 2892 detorquetque
610 2826 743 2890 proram
783 2811 787 2823 '

271 2908 421 2975 Gutturis
444 2906 637 2993 Oceanoque
659 2905 787 2989 mergit.
898 2893 901 2900 ⁴

198 3092 322 3153 Frustra
343 3088 490 3153 timemus
509 3088 571 3153 iam
593 3108 681 3151 mare
702 3084 849 3179 naufragi

199 3192 304 3255 Terris
325 3189 446 3253 futuri.
469 3188 638 3253 funeribus
659 3190 781 3250 tument
870 3167 893 3181 ..

236 3296 353 3357 Portus
375 3293 569 3375 sepulcrales
592 3305 624 3354 et
645 3288 749 3354 omnis
784 3273 814 3362 ’,
905 3363 920 3383 ..

275 3398 376 3458 Fossa
398 3415 489 3457 suum
510 3392 657 3481 queritur
679 3375 886 3501 catarrhum·
