2600 4284
443 536 619 607 Lyricorum
635 538 697 595 Lib.
717 542 767 600 lV.
787 552 811 602 5.
994 556 1054 625 311

212 708 275 767 lam
297 721 364 769 tum
386 729 481 771 mane
502 723 665 794 strepunt,
687 714 749 777 iam
772 738 870 805 reguo
892 723 1009 789 artifex

210 806 251 870 Et
272 809 408 873 fervens
430 832 601 893 operarum
624 815 770 881 involitat
791 820 923 903 thymis:

251 912 317 973 Iam
341 931 414 972 cum
437 913 573 997 coniuge
597 937 688 979 ceras
1022 934 1053 987 15

295 1012 401 1096 Stipat
421 1035 488 1076 non
510 1014 579 1079 siue
603 1017 749 1083 foenore.

208 1192 243 1252 ln
265 1214 403 1259 censum
423 1198 556 1283 vigilant
578 1201 706 1264 omniu:
728 1205 893 1288 quaeritur

209 1295 348 1379 Semper
370 1297 463 1361 dulce
486 1301 626 1377 lucrum,
648 1305 739 1367 ouiuo
759 1306 842 1371 odor
862 1309 965 1374 bouus

250 1399 302 1460 Ex
323 1421 361 1463 re
385 1401 526 1484 qualibet
547 1402 635 1467 efflat

294 1504 339 1564 Et
360 1504 467 1567 nareis
488 1505 607 1569 unimus
628 1508 734 1571 trahit.

209 1684 296 1747 Hine
319 1699 436 1768 sugunt
455 1687 633 1767 pretiosum
657 1711 786 1775 unguen
808 1708 840 1757 et
864 1698 996 1765 allinunt
1004 1724 1014 1782 3

210 1785 281 1879 Quo
304 1800 472 1870 postquam
494 1788 614 1851 madidi
636 1806 717 1856 teoto
740 1796 949 1878 repleverint,

251 1888 364 1949 Plenie
387 1910 488 1955 annue
509 1892 600 1955 cellis

299 1990 476 2073 Vectigalia
501 1990 676 2075 profluunt.

212 2160 414 2244 Rumpuntur
433 2161 550 2245 liquidi
572 2163 697 2227 viscera
719 2168 867 2250 glutinis3

209 2260 403 2325 Perlustretu
425 2285 497 2325 suus
514 2263 619 2327 fundit
641 2288 721 2351 opes
743 2267 864 2347 domus,

251 2364 341 2427 Flavi
365 2364 434 2426 iura
457 2364 577 2427 tributi.

293 2466 439 2551 Sceptris
461 2469 620 2531 excutitur
642 2470 743 2535 favus.

210 2648 335 2723 Refert,
359 2648 431 2733 quis
450 2648 578 2711 laticem
598 2653 737 2717 nectaris
759 2654 884 2721 eximat.

212 2748 329 2813 Saevus
350 2765 461 2833 pastor
483 2772 557 2833 apes
578 2770 693 2818 mactat
716 2772 749 2820 et
770 2760 859 2824 alveo

248 2854 366 2912 Totum
389 2850 503 2935 diripit
526 2876 636 2918 aurum

293 2952 449 3017 Sternens
471 2956 638 3020 moenibus
661 2958 792 3023 incolas.

207 3133 249 3198 At
269 3154 382 3198 rerum
402 3137 530 3220 sopiens
552 3140 706 3221 Corycius
729 3163 828 3206 senex

210 3236 304 3299 luosis
328 3236 361 3299 in
384 3240 529 3303 sobolem
551 3240 664 3306 vivere
686 3246 827 3327 posteris

250 3339 357 3401 Mollis
378 3354 470 3420 parte
487 3342 600 3404 relicto

294 3440 430 3524 Seponit
449 3444 611 3529 reliquum
634 3444 697 3507 sibi
