2600 4284
406 519 578 590 Lyricorum
594 519 658 574 Lib.
679 523 700 576 Ι.
717 524 759 575 tt.

202 688 322 750 Maiore
346 709 433 764 cura,
455 711 548 772 quam
571 694 703 752 Danaen
725 706 827 774 pater,

200 789 327 850 lnelude
351 799 500 873 sponsam
521 792 682 871 turribus3
708 793 820 856 intimo

236 894 425 954 Nummatus
446 893 532 954 illam
555 893 693 978 quisque
716 895 853 958 claustro

278 993 429 1054 Forsitan
451 992 559 1056 eliciet
580 995 722 1057 colonus.

201 1170 397 1262 Quicunque
419 1186 537 1233 castum
557 1173 801 1236 irtsrviolaverit

195 1271 421 1333 Lenocinantis
443 1272 557 1334 fraude
579 1275 745 1356 pecuniae,

235 1374 360 1456 Legum
383 1388 433 1435 est
454 1373 588 1436 adulter.
633 1377 703 1437 Non
726 1391 758 1437 et
778 1376 848 1436 auri

276 1477 360 1537 Esse
383 1476 474 1550 velis,
500 1477 696 1551 humanda,
721 1498 860 1562 magnes,

197 1655 234 1714 Ut
255 1670 286 1715 te
309 1653 460 1728 decebat,
486 1654 560 1715 dum
585 1654 703 1717 cecinit
725 1657 808 1728 tuba,

197 1755 344 1818 Traxisse
367 1753 502 1817 ferrum.
548 1758 712 1838 Propositi
733 1773 826 1818 tenax
881 1837 885 1844 ¹

232 1855 374 1940 Urgebis
399 1856 551 1941 indagare
574 1866 736 1942 parneium,

277 1958 377 2051 Quod
401 1961 524 2041 reperit
546 1959 726 2022 celebratus
750 1964 813 2024 ivo.

199 2140 265 2199 Non
289 2137 326 2196 in
348 2157 498 2200 crumena
515 2140 666 2200 Caesarei
694 2141 794 2203 latent

115 2309 116 2316 ἵ
198 2241 322 2301 Arcana
343 2240 444 2320 iuris3
473 2240 601 2324 dignius
620 2245 696 2304 uitta·

240 2344 405 2404 Praesens
424 2344 587 2404 honestum
607 2345 725 2406 mentis
747 2366 864 2417 arcem,

278 2447 353 2506 Non
377 2445 498 2506 loculos
520 2443 641 2506 habitat
663 2447 819 2527 rapaeeis.

197 2624 299 2684 Urunt
323 2621 484 2685 videntem
507 2622 588 2685 dona
609 2624 789 2706 potentius3

198 2721 336 2786 Obiecta
355 2725 470 2807 primis
491 2723 618 2786 nutibus
641 2739 761 2786 amove.

239 2825 274 2885 si
298 2826 391 2886 miles
412 2826 445 2886 in
467 2845 577 2908 eampo
601 2825 703 2899 fuisti,

284 2927 430 2989 iustitiae
448 2926 553 3010 gladio
572 2927 737 3008 probabis.

197 3113 236 3173 Ut
256 3127 334 3169 aere
357 3121 457 3169 totum
479 3129 535 3170 rus
555 3109 684 3192 spolies,
704 3108 781 3170 time

198 3216 234 3274 In
253 3212 353 3294 longa
372 3209 461 3272 litem
482 3207 600 3273 ducere
622 3210 728 3271 secula

240 3317 436 3396 Halumque,
459 3309 545 3395 quod
566 3317 721 3374 Praetore
742 3329 848 3374 coram

284 3421 354 3482 Una
373 3412 444 3477 dies
465 3425 589 3496 poterat
609 3415 728 3486 levare,
