<?xml version="1.0" encoding="UTF-8"?>
<!DOCTYPE html PUBLIC "-//W3C//DTD XHTML 1.0 Transitional//EN"
    "http://www.w3.org/TR/xhtml1/DTD/xhtml1-transitional.dtd">
<html xmlns="http://www.w3.org/1999/xhtml" xml:lang="en" lang="en">
 <head>
  <title>
</title>
<meta http-equiv="Content-Type" content="text/html;charset=utf-8" />
  <meta name='ocr-system' content='tesseract 3.04.00' />
  <meta name='ocr-capabilities' content='ocr_page ocr_carea ocr_par ocr_line ocrx_word'/>
</head>
<body>
  <div class='ocr_page' id='page_1' title='image "./jacobibaldecarm00mlgoog_0449.png"; bbox 0 0 2600 4284; ppageno 0'>
   <div class='ocr_carea' id='block_1_1' title="bbox 486 510 1057 584">
    <p class='ocr_par' dir='ltr' id='par_1_1' title="bbox 486 510 1057 584">
     <span class='ocr_line' id='line_1_1' title="bbox 486 510 1057 584; baseline 0.011 -18"><span class='ocrx_word' id='word_1_1' title='bbox 486 513 577 568; x_wconf 71' lang='lat' dir='ltr'><strong>ntor</strong></span> <span class='ocrx_word' id='word_1_2' title='bbox 591 511 720 584; x_wconf 71' lang='lat' dir='ltr'><strong>Epodm</strong></span> <span class='ocrx_word' id='word_1_3' title='bbox 739 517 764 570; x_wconf 82' lang='lat' dir='ltr'><strong>s.</strong></span> <span class='ocrx_word' id='word_1_4' title='bbox 992 510 1057 583; x_wconf 79' lang='grc'><strong>425</strong></span> 
     </span>
    </p>
   </div>
   <div class='ocr_carea' id='block_1_2' title="bbox 173 683 1055 3317">
    <p class='ocr_par' dir='ltr' id='par_1_2' title="bbox 176 683 947 882">
     <span class='ocr_line' id='line_1_2' title="bbox 176 683 947 778; baseline 0.003 -34"><span class='ocrx_word' id='word_1_5' title='bbox 176 683 245 778; x_wconf 82' lang='lat' dir='ltr'><strong>Qui</strong></span> <span class='ocrx_word' id='word_1_6' title='bbox 266 704 397 757; x_wconf 85' lang='lat' dir='ltr'><strong>nervus,</strong></span> <span class='ocrx_word' id='word_1_7' title='bbox 423 683 517 758; x_wconf 84' lang='lat' dir='ltr'><strong>eheu,</strong></span> <span class='ocrx_word' id='word_1_8' title='bbox 544 684 631 768; x_wconf 83' lang='lat' dir='ltr'><strong>quod</strong></span> <span class='ocrx_word' id='word_1_9' title='bbox 649 685 760 769; x_wconf 78' lang='lat' dir='ltr'><strong>ligavit</strong></span> <span class='ocrx_word' id='word_1_10' title='bbox 780 684 947 762; x_wconf 74' lang='lat' dir='ltr'><strong>fossionis,</strong></span> 
     </span>
     <span class='ocr_line' id='line_1_3' title="bbox 263 785 738 882; baseline 0 -34"><span class='ocrx_word' id='word_1_11' title='bbox 263 787 355 882; x_wconf 77' lang='lat' dir='ltr'><strong>Quae</strong></span> <span class='ocrx_word' id='word_1_12' title='bbox 374 787 468 870; x_wconf 83' lang='lat' dir='ltr'><strong>nigra</strong></span> <span class='ocrx_word' id='word_1_13' title='bbox 489 785 618 848; x_wconf 81' lang='lat' dir='ltr'><strong>rhombi</strong></span> <span class='ocrx_word' id='word_1_14' title='bbox 640 787 738 850; x_wconf 75' lang='lat' dir='ltr'><strong>licis?</strong></span> 
     </span>
    </p>

    <p class='ocr_par' dir='ltr' id='par_1_3' title="bbox 173 888 1055 1073">
     <span class='ocr_line' id='line_1_4' title="bbox 173 888 1055 961; baseline 0.006 -10"><span class='ocrx_word' id='word_1_15' title='bbox 173 891 250 953; x_wconf 88' lang='lat' dir='ltr'><strong>Non</strong></span> <span class='ocrx_word' id='word_1_16' title='bbox 273 904 407 953; x_wconf 83' lang='lat' dir='ltr'><strong>revocat</strong></span> <span class='ocrx_word' id='word_1_17' title='bbox 427 888 502 961; x_wconf 87' lang='lat' dir='ltr'><strong>ills,</strong></span> <span class='ocrx_word' id='word_1_18' title='bbox 525 888 578 949; x_wconf 87' lang='lat' dir='ltr'><strong>cui</strong></span> <span class='ocrx_word' id='word_1_19' title='bbox 598 903 740 952; x_wconf 81' lang='lat' dir='ltr'><strong>oometse</strong></span> <span class='ocrx_word' id='word_1_20' title='bbox 763 891 901 955; x_wconf 80' lang='lat' dir='ltr'><strong>militant</strong></span> <span class='ocrx_word' id='word_1_21' title='bbox 1039 897 1055 948; x_wconf 84' lang='lat'>5</span> 
     </span>
     <span class='ocr_line' id='line_1_5' title="bbox 261 991 764 1073; baseline 0.008 -23"><span class='ocrx_word' id='word_1_22' title='bbox 261 992 304 1054; x_wconf 85' lang='lat' dir='ltr'><strong>Et</strong></span> <span class='ocrx_word' id='word_1_23' title='bbox 324 991 432 1054; x_wconf 86' lang='lat' dir='ltr'><strong>sidera</strong></span> <span class='ocrx_word' id='word_1_24' title='bbox 454 1010 603 1052; x_wconf 79' lang='lat' dir='ltr'><strong>arcannm</strong></span> <span class='ocrx_word' id='word_1_25' title='bbox 624 992 764 1073; x_wconf 78' lang='lat' dir='ltr'><strong>pavent?</strong></span> 
     </span>
    </p>

    <p class='ocr_par' dir='ltr' id='par_1_4' title="bbox 173 1091 813 1257">
     <span class='ocr_line' id='line_1_6' title="bbox 173 1091 813 1176; baseline 0.011 -26"><span class='ocrx_word' id='word_1_26' title='bbox 173 1094 249 1155; x_wconf 80' lang='lat' dir='ltr'><strong>Non</strong></span> <span class='ocrx_word' id='word_1_27' title='bbox 270 1093 344 1165; x_wconf 83' lang='lat' dir='ltr'><strong>ille,</strong></span> <span class='ocrx_word' id='word_1_28' title='bbox 368 1094 476 1176; x_wconf 87' lang='lat' dir='ltr'><strong>quite</strong></span> <span class='ocrx_word' id='word_1_29' title='bbox 498 1091 577 1153; x_wconf 82' lang='lat' dir='ltr'><strong>lixns</strong></span> <span class='ocrx_word' id='word_1_30' title='bbox 598 1092 709 1154; x_wconf 83' lang='lat' dir='ltr'><strong>inlsmi</strong></span> <span class='ocrx_word' id='word_1_31' title='bbox 723 1094 813 1157; x_wconf 84' lang='lat' dir='ltr'><strong>trube</strong></span> 
     </span>
     <span class='ocr_line' id='line_1_7' title="bbox 261 1193 705 1257; baseline 0 -1"><span class='ocrx_word' id='word_1_32' title='bbox 261 1195 366 1256; x_wconf 78' lang='lat' dir='ltr'><strong>clavis</strong></span> <span class='ocrx_word' id='word_1_33' title='bbox 387 1195 421 1255; x_wconf 87' lang='lat' dir='ltr'><strong>in</strong></span> <span class='ocrx_word' id='word_1_34' title='bbox 442 1196 537 1257; x_wconf 81' lang='lat' dir='ltr'><strong>altum</strong></span> <span class='ocrx_word' id='word_1_35' title='bbox 559 1193 705 1256; x_wconf 74' lang='lat' dir='ltr'><strong>sustulit?</strong></span> 
     </span>
    </p>

    <p class='ocr_par' dir='ltr' id='par_1_5' title="bbox 175 1295 1055 1481">
     <span class='ocr_line' id='line_1_8' title="bbox 175 1295 852 1382; baseline 0.003 -24"><span class='ocrx_word' id='word_1_36' title='bbox 175 1300 244 1358; x_wconf 87' lang='lat' dir='ltr'><strong>Nec</strong></span> <span class='ocrx_word' id='word_1_37' title='bbox 264 1297 338 1369; x_wconf 85' lang='lat' dir='ltr'><strong>illa,</strong></span> <span class='ocrx_word' id='word_1_38' title='bbox 366 1298 419 1358; x_wconf 87' lang='lat' dir='ltr'><strong>oui</strong></span> <span class='ocrx_word' id='word_1_39' title='bbox 439 1296 565 1382; x_wconf 82' lang='lat' dir='ltr'><strong>votivus</strong></span> <span class='ocrx_word' id='word_1_40' title='bbox 587 1295 728 1358; x_wconf 75' lang='lat' dir='ltr'><strong>audebas</strong></span> <span class='ocrx_word' id='word_1_41' title='bbox 750 1297 852 1360; x_wconf 81' lang='lat' dir='ltr'><strong>eliens</strong></span> 
     </span>
     <span class='ocr_line' id='line_1_9' title="bbox 262 1396 1055 1481; baseline 0.006 -24"><span class='ocrx_word' id='word_1_42' title='bbox 262 1399 373 1458; x_wconf 85' lang='lat' dir='ltr'><strong>Inrsre</strong></span> <span class='ocrx_word' id='word_1_43' title='bbox 393 1396 493 1460; x_wconf 82' lang='lat' dir='ltr'><strong>verbo</strong></span> <span class='ocrx_word' id='word_1_44' title='bbox 515 1397 707 1481; x_wconf 73' lang='lat' dir='ltr'><strong>splendida?</strong></span> <span class='ocrx_word' id='word_1_45' title='bbox 1022 1403 1055 1455; x_wconf 88' lang='lat'><strong>1⁰</strong></span> 
     </span>
    </p>

    <p class='ocr_par' dir='ltr' id='par_1_6' title="bbox 174 1499 895 1665">
     <span class='ocr_line' id='line_1_10' title="bbox 174 1499 895 1575; baseline 0.006 -15"><span class='ocrx_word' id='word_1_46' title='bbox 174 1499 322 1561; x_wconf 83' lang='lat' dir='ltr'><strong>Revolve</strong></span> <span class='ocrx_word' id='word_1_47' title='bbox 343 1513 490 1575; x_wconf 84' lang='lat' dir='ltr'><strong>nostem,</strong></span> <span class='ocrx_word' id='word_1_48' title='bbox 516 1520 587 1562; x_wconf 85' lang='lat' dir='ltr'><strong>eum</strong></span> <span class='ocrx_word' id='word_1_49' title='bbox 609 1501 765 1566; x_wconf 76' lang='lat' dir='ltr'><strong>sodalium</strong></span> <span class='ocrx_word' id='word_1_50' title='bbox 786 1521 895 1566; x_wconf 82' lang='lat' dir='ltr'><strong>eomes</strong></span> 
     </span>
     <span class='ocr_line' id='line_1_11' title="bbox 261 1600 722 1665; baseline 0.004 -3"><span class='ocrx_word' id='word_1_51' title='bbox 261 1600 326 1662; x_wconf 84' lang='lat' dir='ltr'><strong>Aut</strong></span> <span class='ocrx_word' id='word_1_52' title='bbox 346 1600 473 1664; x_wconf 89' lang='lat' dir='ltr'><strong>iunctus</strong></span> <span class='ocrx_word' id='word_1_53' title='bbox 495 1603 551 1664; x_wconf 85' lang='lat' dir='ltr'><strong>uni</strong></span> <span class='ocrx_word' id='word_1_54' title='bbox 572 1602 722 1665; x_wconf 76' lang='lat' dir='ltr'>dixeras:</span> 
     </span>
    </p>

    <p class='ocr_par' dir='ltr' id='par_1_7' title="bbox 175 1702 846 1890">
     <span class='ocr_line' id='line_1_12' title="bbox 175 1702 846 1788; baseline 0.009 -26"><span class='ocrx_word' id='word_1_55' title='bbox 175 1704 227 1762; x_wconf 92' lang='lat' dir='ltr'><strong>En</strong></span> <span class='ocrx_word' id='word_1_56' title='bbox 247 1721 341 1786; x_wconf 86' lang='lat' dir='ltr'><strong>quam</strong></span> <span class='ocrx_word' id='word_1_57' title='bbox 366 1705 491 1766; x_wconf 84' lang='lat' dir='ltr'><strong>serenis</strong></span> <span class='ocrx_word' id='word_1_58' title='bbox 514 1725 549 1766; x_wconf 87' lang='lat' dir='ltr'><strong>se</strong></span> <span class='ocrx_word' id='word_1_59' title='bbox 571 1702 689 1788; x_wconf 70' lang='lat' dir='ltr'><strong>liguris</strong></span> <span class='ocrx_word' id='word_1_60' title='bbox 706 1704 846 1788; x_wconf 76' lang='lat' dir='ltr'><strong>explicat</strong></span> 
     </span>
     <span class='ocr_line' id='line_1_13' title="bbox 261 1802 716 1890; baseline 0.011 -26"><span class='ocrx_word' id='word_1_61' title='bbox 261 1802 375 1864; x_wconf 84' lang='lat' dir='ltr'><strong>Mundi</strong></span> <span class='ocrx_word' id='word_1_62' title='bbox 398 1805 547 1868; x_wconf 85' lang='lat' dir='ltr'><strong>volumen</strong></span> <span class='ocrx_word' id='word_1_63' title='bbox 567 1807 716 1890; x_wconf 72' lang='lat' dir='ltr'><strong>igneum!</strong></span> 
     </span>
    </p>

    <p class='ocr_par' dir='ltr' id='par_1_8' title="bbox 175 1904 1051 2077">
     <span class='ocr_line' id='line_1_14' title="bbox 175 1904 1051 1992; baseline 0.006 -25"><span class='ocrx_word' id='word_1_64' title='bbox 175 1904 281 1967; x_wconf 79' lang='lat' dir='ltr'><strong>Clanis</strong></span> <span class='ocrx_word' id='word_1_65' title='bbox 302 1921 337 1968; x_wconf 92' lang='lat' dir='ltr'><strong>ut</strong></span> <span class='ocrx_word' id='word_1_66' title='bbox 358 1908 470 1969; x_wconf 78' lang='lat' dir='ltr'><strong>aether</strong></span> <span class='ocrx_word' id='word_1_67' title='bbox 489 1909 593 1971; x_wconf 86' lang='lat' dir='ltr'><strong>literis</strong></span> <span class='ocrx_word' id='word_1_68' title='bbox 615 1907 756 1992; x_wconf 82' lang='lat' dir='ltr'><strong>scriptus</strong></span> <span class='ocrx_word' id='word_1_69' title='bbox 777 1923 864 1992; x_wconf 79' lang='lat' dir='ltr'><strong>potet</strong></span> <span class='ocrx_word' id='word_1_70' title='bbox 1020 1909 1051 1963; x_wconf 82' lang='lat'><strong>15</strong></span> 
     </span>
     <span class='ocr_line' id='line_1_15' title="bbox 264 2009 690 2077; baseline 0.009 -7"><span class='ocrx_word' id='word_1_71' title='bbox 264 2009 373 2070; x_wconf 88' lang='lat' dir='ltr'><strong>Stellis</strong></span> <span class='ocrx_word' id='word_1_72' title='bbox 396 2011 544 2072; x_wconf 85' lang='lat' dir='ltr'><strong>relucens</strong></span> <span class='ocrx_word' id='word_1_73' title='bbox 568 2010 690 2077; x_wconf 82' lang='lat' dir='ltr'><strong>aureis!</strong></span> 
     </span>
    </p>

    <p class='ocr_par' dir='ltr' id='par_1_9' title="bbox 176 2110 977 2298">
     <span class='ocr_line' id='line_1_16' title="bbox 176 2110 977 2193; baseline 0.006 -21"><span class='ocrx_word' id='word_1_74' title='bbox 176 2112 273 2177; x_wconf 84' lang='lat' dir='ltr'>Volat</span> <span class='ocrx_word' id='word_1_75' title='bbox 294 2110 429 2193; x_wconf 79' lang='lat' dir='ltr'><strong>Sagitm3</strong></span> <span class='ocrx_word' id='word_1_76' title='bbox 455 2112 625 2178; x_wconf 79' lang='lat' dir='ltr'><strong>Vulturis</strong></span> <span class='ocrx_word' id='word_1_77' title='bbox 647 2113 747 2192; x_wconf 83' lang='lat' dir='ltr'><strong>lyram</strong></span> <span class='ocrx_word' id='word_1_78' title='bbox 767 2112 867 2192; x_wconf 80' lang='lat' dir='ltr'><strong>eodit3</strong></span> <span class='ocrx_word' id='word_1_79' title='bbox 975 2156 977 2168; x_wconf 85' lang='lat'>·</span> 
     </span>
     <span class='ocr_line' id='line_1_17' title="bbox 262 2213 881 2298; baseline 0.008 -24"><span class='ocrx_word' id='word_1_80' title='bbox 262 2213 378 2274; x_wconf 88' lang='lat' dir='ltr'><strong>Hinnit</strong></span> <span class='ocrx_word' id='word_1_81' title='bbox 399 2234 459 2296; x_wconf 83' lang='lat' dir='ltr'><strong>per</strong></span> <span class='ocrx_word' id='word_1_82' title='bbox 480 2227 563 2276; x_wconf 80' lang='lat' dir='ltr'><strong>astru</strong></span> <span class='ocrx_word' id='word_1_83' title='bbox 583 2217 734 2298; x_wconf 77' lang='lat' dir='ltr'><strong>Pegasus.</strong></span> <span class='ocrx_word' id='word_1_84' title='bbox 763 2251 766 2259; x_wconf 88' lang='lat'>·</span> <span class='ocrx_word' id='word_1_85' title='bbox 878 2271 881 2279; x_wconf 94' lang='grc'><em>,</em></span> 
     </span>
    </p>

    <p class='ocr_par' dir='ltr' id='par_1_10' title="bbox 176 2314 1051 2480">
     <span class='ocr_line' id='line_1_18' title="bbox 176 2314 929 2399; baseline 0.007 -24"><span class='ocrx_word' id='word_1_86' title='bbox 176 2315 283 2376; x_wconf 84' lang='lat' dir='ltr'><strong>Cerno</strong></span> <span class='ocrx_word' id='word_1_87' title='bbox 305 2314 416 2399; x_wconf 73' lang='lat' dir='ltr'><strong>ligatas</strong></span> <span class='ocrx_word' id='word_1_88' title='bbox 440 2315 542 2380; x_wconf 80' lang='lat' dir='ltr'><strong>duleis</strong></span> <span class='ocrx_word' id='word_1_89' title='bbox 563 2314 789 2380; x_wconf 78' lang='lat' dir='ltr'><strong>Andromedae</strong></span> <span class='ocrx_word' id='word_1_90' title='bbox 810 2337 929 2394; x_wconf 77' lang='lat' dir='ltr'><strong>manus,</strong></span> 
     </span>
     <span class='ocr_line' id='line_1_19' title="bbox 259 2415 1051 2480; baseline 0.003 -2"><span class='ocrx_word' id='word_1_91' title='bbox 259 2419 367 2480; x_wconf 84' lang='lat' dir='ltr'><strong>Cerno</strong></span> <span class='ocrx_word' id='word_1_92' title='bbox 391 2439 543 2480; x_wconf 84' lang='lat' dir='ltr'><strong>coronam</strong></span> <span class='ocrx_word' id='word_1_93' title='bbox 563 2417 709 2478; x_wconf 81' lang='lat' dir='ltr'><strong>Theseos</strong></span> <span class='ocrx_word' id='word_1_94' title='bbox 1017 2415 1051 2467; x_wconf 78' lang='lat'><strong>²⁰</strong></span> 
     </span>
    </p>

    <p class='ocr_par' dir='ltr' id='par_1_11' title="bbox 175 2516 932 2704">
     <span class='ocr_line' id='line_1_20' title="bbox 175 2516 932 2602; baseline 0.008 -24"><span class='ocrx_word' id='word_1_95' title='bbox 175 2516 361 2602; x_wconf 83' lang='lat' dir='ltr'><strong>Pavidoque</strong></span> <span class='ocrx_word' id='word_1_96' title='bbox 380 2522 541 2602; x_wconf 81' lang='lat' dir='ltr'><strong>Leporem</strong></span> <span class='ocrx_word' id='word_1_97' title='bbox 559 2519 613 2580; x_wconf 78' lang='lat' dir='ltr'><strong>rix</strong></span> <span class='ocrx_word' id='word_1_98' title='bbox 631 2519 799 2582; x_wconf 72' lang='lat' dir='ltr'><strong>micantem</strong></span> <span class='ocrx_word' id='word_1_99' title='bbox 813 2518 932 2584; x_wconf 83' lang='lat' dir='ltr'><strong>lumine</strong></span> 
     </span>
     <span class='ocr_line' id='line_1_21' title="bbox 262 2619 664 2704; baseline 0 -22"><span class='ocrx_word' id='word_1_100' title='bbox 262 2619 381 2682; x_wconf 85' lang='lat' dir='ltr'><strong>Subter</strong></span> <span class='ocrx_word' id='word_1_101' title='bbox 396 2620 498 2704; x_wconf 81' lang='lat' dir='ltr'><strong>pedes</strong></span> <span class='ocrx_word' id='word_1_102' title='bbox 519 2621 664 2686; x_wconf 82' lang='lat' dir='ltr'><strong>Orionis.</strong></span> 
     </span>
    </p>

    <p class='ocr_par' dir='ltr' id='par_1_12' title="bbox 178 2722 929 2888">
     <span class='ocr_line' id='line_1_22' title="bbox 178 2722 929 2806; baseline 0.003 -22"><span class='ocrx_word' id='word_1_103' title='bbox 178 2723 326 2784; x_wconf 78' lang='lat' dir='ltr'><strong>Armatus</strong></span> <span class='ocrx_word' id='word_1_104' title='bbox 347 2722 442 2786; x_wconf 82' lang='lat' dir='ltr'><strong>huius</strong></span> <span class='ocrx_word' id='word_1_105' title='bbox 465 2723 619 2806; x_wconf 82' lang='lat' dir='ltr'><strong>splendor</strong></span> <span class='ocrx_word' id='word_1_106' title='bbox 642 2737 674 2786; x_wconf 86' lang='lat' dir='ltr'><strong>et</strong></span> <span class='ocrx_word' id='word_1_107' title='bbox 695 2741 823 2786; x_wconf 84' lang='lat' dir='ltr'><strong>rursum</strong></span> <span class='ocrx_word' id='word_1_108' title='bbox 844 2723 929 2786; x_wconf 91' lang='lat' dir='ltr'><strong>illius</strong></span> 
     </span>
     <span class='ocr_line' id='line_1_23' title="bbox 261 2823 685 2888; baseline 0.007 -3"><span class='ocrx_word' id='word_1_109' title='bbox 261 2825 409 2886; x_wconf 83' lang='lat' dir='ltr'><strong>Delectat</strong></span> <span class='ocrx_word' id='word_1_110' title='bbox 428 2823 567 2888; x_wconf 84' lang='lat' dir='ltr'><strong>imbellis</strong></span> <span class='ocrx_word' id='word_1_111' title='bbox 587 2826 685 2888; x_wconf 86' lang='lat' dir='ltr'><strong>nitor.</strong></span> 
     </span>
    </p>

    <p class='ocr_par' dir='ltr' id='par_1_13' title="bbox 177 2925 1049 3111">
     <span class='ocr_line' id='line_1_24' title="bbox 177 2925 1049 3015; baseline 0.009 -27"><span class='ocrx_word' id='word_1_112' title='bbox 177 2927 241 2989; x_wconf 86' lang='lat' dir='ltr'><strong>Hic</strong></span> <span class='ocrx_word' id='word_1_113' title='bbox 262 2926 317 2988; x_wconf 89' lang='lat' dir='ltr'><strong>ille</strong></span> <span class='ocrx_word' id='word_1_114' title='bbox 341 2926 477 3007; x_wconf 79' lang='lat' dir='ltr'><strong>Python,</strong></span> <span class='ocrx_word' id='word_1_115' title='bbox 501 2930 677 3011; x_wconf 78' lang='lat' dir='ltr'><strong>squammsi</strong></span> <span class='ocrx_word' id='word_1_116' title='bbox 699 2932 754 3015; x_wconf 88' lang='lat' dir='ltr'><strong>qui</strong></span> <span class='ocrx_word' id='word_1_117' title='bbox 775 2929 915 2994; x_wconf 83' lang='lat' dir='ltr'><strong>{luminis</strong></span> <span class='ocrx_word' id='word_1_118' title='bbox 1016 2925 1049 2978; x_wconf 75' lang='lat'><strong>²5</strong></span> 
     </span>
     <span class='ocr_line' id='line_1_25' title="bbox 259 3029 720 3111; baseline 0.009 -21"><span class='ocrx_word' id='word_1_119' title='bbox 259 3030 363 3090; x_wconf 84' lang='lat' dir='ltr'><strong>lnstsr</strong></span> <span class='ocrx_word' id='word_1_120' title='bbox 382 3049 443 3111; x_wconf 88' lang='lat' dir='ltr'><strong>per</strong></span> <span class='ocrx_word' id='word_1_121' title='bbox 465 3031 561 3091; x_wconf 86' lang='lat' dir='ltr'><strong>Ursas</strong></span> <span class='ocrx_word' id='word_1_122' title='bbox 585 3029 720 3094; x_wconf 74' lang='lat' dir='ltr'><strong>labitur!</strong></span> 
     </span>
    </p>

    <p class='ocr_par' dir='ltr' id='par_1_14' title="bbox 179 3129 1013 3317">
     <span class='ocr_line' id='line_1_26' title="bbox 179 3129 1013 3227; baseline 0.014 -36"><span class='ocrx_word' id='word_1_123' title='bbox 179 3132 280 3227; x_wconf 76' lang='lat' dir='ltr'><strong>Quam</strong></span> <span class='ocrx_word' id='word_1_124' title='bbox 301 3129 382 3192; x_wconf 81' lang='lat' dir='ltr'><strong>fixus</strong></span> <span class='ocrx_word' id='word_1_125' title='bbox 411 3130 512 3194; x_wconf 76' lang='lat' dir='ltr'><strong>slbsm</strong></span> <span class='ocrx_word' id='word_1_126' title='bbox 541 3145 651 3198; x_wconf 75' lang='lat' dir='ltr'><strong>seruat</strong></span> <span class='ocrx_word' id='word_1_127' title='bbox 669 3134 885 3218; x_wconf 75' lang='lat' dir='ltr'><strong>Arctophylax</strong></span> <span class='ocrx_word' id='word_1_128' title='bbox 911 3135 1013 3203; x_wconf 56' lang='lat' dir='ltr'><strong>mam</strong></span> 
     </span>
     <span class='ocr_line' id='line_1_27' title="bbox 257 3233 691 3317; baseline 0.012 -24"><span class='ocrx_word' id='word_1_129' title='bbox 257 3236 306 3294; x_wconf 87' lang='lat' dir='ltr'><strong>Ne</strong></span> <span class='ocrx_word' id='word_1_130' title='bbox 326 3233 453 3315; x_wconf 86' lang='lat' dir='ltr'><strong>proluat</strong></span> <span class='ocrx_word' id='word_1_131' title='bbox 475 3249 569 3317; x_wconf 85' lang='lat' dir='ltr'><strong>capnt</strong></span> <span class='ocrx_word' id='word_1_132' title='bbox 588 3235 691 3298; x_wconf 83' lang='lat' dir='ltr'><strong>mori!</strong></span> 
     </span>
    </p>
   </div>
   <div class='ocr_carea' id='block_1_3' title="bbox 181 3335 1047 3525">
    <p class='ocr_par' dir='ltr' id='par_1_15' title="bbox 181 3335 1047 3525">
     <span class='ocr_line' id='line_1_28' title="bbox 181 3335 814 3426; baseline 0.013 -31"><span class='ocrx_word' id='word_1_133' title='bbox 181 3335 219 3396; x_wconf 78' lang='lat' dir='ltr'><strong>At</strong></span> <span class='ocrx_word' id='word_1_134' title='bbox 238 3355 299 3396; x_wconf 85' lang='lat' dir='ltr'><strong>nee</strong></span> <span class='ocrx_word' id='word_1_135' title='bbox 319 3335 454 3399; x_wconf 84' lang='lat' dir='ltr'><strong>minoris</strong></span> <span class='ocrx_word' id='word_1_136' title='bbox 475 3336 596 3401; x_wconf 85' lang='lat' dir='ltr'><strong>eminet</strong></span> <span class='ocrx_word' id='word_1_137' title='bbox 615 3359 712 3402; x_wconf 75' lang='lat' dir='ltr'><strong>ouras</strong></span> <span class='ocrx_word' id='word_1_138' title='bbox 735 3341 814 3426; x_wconf 78' lang='lat' dir='ltr'><strong>vigil</strong></span> 
     </span>
     <span class='ocr_line' id='line_1_29' title="bbox 259 3441 1047 3525; baseline 0.009 -23"><span class='ocrx_word' id='word_1_139' title='bbox 259 3442 371 3502; x_wconf 83' lang='lat' dir='ltr'><strong>Custos</strong></span> <span class='ocrx_word' id='word_1_140' title='bbox 392 3459 559 3523; x_wconf 79' lang='lat' dir='ltr'><strong>caprarum</strong></span> <span class='ocrx_word' id='word_1_141' title='bbox 578 3441 735 3525; x_wconf 75' lang='lat' dir='ltr'><strong>Myrtilus.</strong></span> <span class='ocrx_word' id='word_1_142' title='bbox 1013 3456 1047 3510; x_wconf 81' lang='lat'><strong>³0</strong></span> 
     </span>
    </p>
   </div>
   <div class='ocr_carea' id='block_1_4' title="bbox 0 0 1307 4284">
    <p class='ocr_par' dir='ltr' id='par_1_16' title="bbox 0 0 1307 4284">
     <span class='ocr_line' id='line_1_30' title="bbox 0 0 1307 4284; baseline 0 0"><span class='ocrx_word' id='word_1_143' title='bbox 0 0 1307 4284; x_wconf 95' lang='lat' dir='ltr'><strong> </strong></span> 
     </span>
    </p>
   </div>
  </div>
 </body>
</html>
