2600 4284
252 529 317 600 444
529 567 532 573 .
570 513 672 572 Jascbi
688 510 775 570 Baitia

592 717 749 801 Dialogus

379 855 597 940 voluptatis
620 856 660 920 et
681 847 967 917 coutmenttae·

254 1018 394 1080 Remeato
411 1013 530 1066 Horattt
545 1010 575 1058 tn
592 1007 637 1058 tto.
665 1005 758 1069 Eunu.
792 1001 861 1054 ΧΠ.
886 1000 966 1049 anser
983 997 1115 1048 unam
1210 983 1211 1070 l

254 1113 453 1168 atonescam.
474 1109 583 1160 Aeetas·
593 1102 846 1156 ttmtrattscmce
864 1094 1113 1150 accamanus.
1210 1121 1211 1124 η

256 1214 313 1266 Est
329 1212 425 1261 nutent
441 1208 512 1256 laec
529 1207 597 1268 span
614 1203 693 1253 lucta
716 1201 817 1252 earnts
835 1197 863 1248 et
879 1195 1003 1258 spirttus
1019 1193 1052 1242 ts
1075 1192 1112 1242 d.
1210 1257 1211 1264 ἵ

279 1307 449 1373 Aequstina
467 1312 550 1368 quasa
567 1299 724 1363 dsscrtpatt
745 1300 764 1348 t.
784 1298 808 1350 8.
834 1289 958 1356 cantus.
978 1302 1004 1346 c.
1026 1291 1076 1342 11.

553 1451 670 1518 ODE
706 1449 790 1516 XVI.

256 1599 427 1657 Retinebant
449 1612 496 1651 ma
519 1611 613 1668 nugae
637 1608 779 1665 nugarum
803 1600 832 1646 st
853 1589 997 1646 vanitates
1020 1584 1112 1642 νιιιί·

228 1769 234 1776 .
256 1707 359 1763 tatum,
374 1692 724 1770 antiquaeamieaemeae:
743 1699 773 1744 et
780 1684 981 1742 succutiebant
988 1693 1111 1740 vastem

257 1810 351 1850 meam
378 1808 510 1847 carneam
540 1799 569 1845 et
599 1784 892 1843 submurmurabant:
933 1781 1110 1840 Dimittisae

612 1903 676 1954 nos,
696 1895 749 1942 etc.

571 2031 781 2114 Voluptas.

258 2180 399 2277 Ingrato
420 2189 559 2275 primum
581 2193 669 2266 (nam
692 2186 763 2271 quis
793 2183 943 2248 audacem
967 2184 1108 2269 negati)

260 2293 397 2368 Melicis,
422 2290 614 2374 augustine,
635 2287 831 2374 degenerem
853 2283 985 2368 fugam?

260 2401 304 2462 Et
323 2397 404 2459 haec
425 2408 458 2457 et
477 2395 536 2456 ista
558 2407 589 2455 et
609 2392 664 2454 illa
687 2391 812 2456 demum
836 2385 949 2473 gaudia

262 2500 432 2596 (Quaeque
455 2496 523 2578 ipse
545 2493 645 2571 nosti)
667 2492 790 2576 pariter
812 2488 896 2552 elabi
918 2489 1000 2552 sinis

261 2604 396 2683 Unaque
418 2599 502 2662 iactu
520 2595 636 2658 mentis
658 2609 822 2657 aeternum
844 2588 1002 2653 abdicas?
1129 2599 1144 2650 5

263 2704 395 2765 Frustra
417 2697 560 2762 resistis:
583 2698 654 2780 ipsa
676 2695 834 2782 genialem
856 2706 960 2755 torum

262 2806 380 2867 Natura
401 2801 511 2864 suadet
518 2823 528 2881 3
559 2799 652 2863 dulce
673 2811 815 2860 naturam
839 2793 941 2878 sequi.

262 2907 385 2970 Nolens
406 2904 562 2968 traheris:
586 2901 731 2964 nesciant
752 2917 827 2962 sane
849 2909 957 2958 truces

266 3009 385 3070 Amare
408 3006 535 3088 scopuli
561 3021 707 3088 quosque
730 2997 879 3064 Caucasia
900 2997 976 3060 nive

264 3111 426 3191 Perpetua
446 3107 583 3170 manteia
605 3104 698 3167 durat
716 3101 867 3164 obsessos
889 3097 1006 3163 hiems.
1113 3109 1144 3162 ¹⁰

267 3208 333 3272 Sed
346 3223 435 3272 terra
455 3207 562 3272 mollis
583 3205 712 3291 peperit
733 3204 904 3268 humanum
927 3222 1042 3292 genus.

264 3314 432 3392 Nunquam
453 3309 560 3373 severi
580 3330 661 3374 vena
682 3304 849 3371 marmoris
868 3317 978 3388 tepets

266 3412 309 3473 At
330 3422 382 3471 tua
403 3408 534 3471 calescit
554 3408 766 3494 consciosque
789 3406 953 3493 sanguinis
