2600 4284
300 539 371 602 XIV
677 532 803 591 Index.

307 689 372 750 Ode
398 689 513 750 XXXV.
553 689 662 762 Utopie
686 687 749 748 sive
771 687 924 749 &mnium
949 685 986 744 de
1009 685 1153 747 Ielieitatt

375 774 485 831 mundi.

308 861 372 923 ode
389 863 518 922 XXXVI.
553 860 709 920 Amneatia.

307 948 372 1004 Ode
389 949 534 1006 XXXVII.
565 949 638 1004 Cum
650 947 755 1002 milites
766 944 891 1002 abditam
903 945 986 1002 Pauli
996 947 1154 1019 pecuniata

374 1033 482 1091 indicio
500 1034 630 1109 virgulae
655 1035 783 1108 magicae
805 1043 954 1107 repertam
976 1031 1154 1088 effodissent

307 1118 370 1176 Ode
389 1121 542 1182 XXXVIII.
579 1118 753 1182 Sollicitudo
774 1120 903 1176 auctoris
922 1118 958 1175 de
981 1119 1108 1176 nomine
1126 1122 1153 1174 B

375 1207 486 1264 Mariae
504 1206 588 1279 Virg.
606 1206 667 1262 suis
684 1203 794 1276 Lyriois
808 1203 979 1273 inferendo,
996 1216 1154 1279 postquan

378 1293 408 1346 in
425 1291 489 1346 eius
514 1291 668 1348 sodalitate
691 1291 778 1350 Salve
800 1292 912 1365 Regina
934 1291 1086 1349 detentari
1110 1310 1153 1348 au

306 1431 310 1436 .
374 1378 477 1439 dierat.

308 1465 371 1525 Ode
383 1468 508 1526 XXXIX.
545 1464 796 1525 Considerationes
814 1463 851 1521 de
867 1463 1084 1538 tranquillitate
1102 1463 1152 1518 ani

378 1551 428 1620 mi,
448 1550 626 1610 doctrinas.
645 1552 728 1608 Pauli
746 1552 871 1609 firmatas
887 1552 1020 1628 praefert
1035 1551 1155 1608 Stoico·

376 1654 442 1693 rum
459 1636 593 1692 verberit
611 1637 770 1695 sententiis.

312 1723 376 1781 Ode
395 1725 452 1780 XL.
478 1725 510 1782 In
526 1726 658 1784 Puerum
679 1728 776 1781 lesum
793 1735 823 1783 at
839 1725 902 1780 sius
916 1724 998 1798 virg.
1015 1723 1155 1793 Matrem.

378 1828 494 1868 cannen
510 1810 645 1868 seculare
662 1821 807 1866 cantatum
825 1810 942 1868 calend.
961 1813 1020 1870 lan.

307 1897 372 1956 Ode
388 1898 462 1954 XLI.
500 1896 657 1954 Infudere
679 1896 852 1953 serenissimi
875 1897 1019 1970 Prioeipis
1039 1899 1155 1956 Ioannit

372 1987 474 2039 Frena.
495 1983 594 2039 Caroli
612 1984 801 2057 primogeniti
819 1983 921 2041 Seren-
938 1982 1063 2039 Itberti.

304 2068 368 2128 Ode
386 2070 470 2126 XLII.
513 2067 559 2128 Ad
578 2070 747 2137 exereitum,
764 2079 798 2124 ut
809 2071 846 2128 D·
865 2067 1004 2144 Ignatium
1019 2069 1155 2128 LoioIam

374 2155 405 2210 In
429 2154 597 2212 auxiliarem
614 2159 774 2212 Patronem
790 2155 912 2214 militiae
929 2153 1025 2228 eligat.

311 2237 375 2295 Ode
393 2240 494 2296 XLIII.
528 2242 573 2295 De
594 2241 709 2314 spinula
726 2258 789 2297 suo.

304 2323 369 2381 Ode
393 2328 493 2384 XLIV.
530 2327 654 2400 Ephebo
678 2327 761 2383 aulae
782 2323 976 2382 conditionem
1000 2336 1032 2382 et
1054 2326 1156 2386 officia

377 2411 495 2466 sectanti
513 2411 598 2466 animi
617 2411 817 2469 demissionem
835 2413 1024 2468 commendat.

304 2492 375 2554 Ode
394 2497 484 2555 XLV.
520 2498 592 2557 eum
614 2497 717 2555 Seres.
741 2499 880 2571 Princeps
900 2497 1040 2556 albertus
1063 2498 1156 2572 δῖψ-

374 2580 499 2636 mundus
528 2592 579 2638 sto.
605 2584 715 2642 electas
737 2583 896 2642 coadiutor
925 2583 955 2638 in
976 2584 1156 2658 Episcopatu

374 2666 544 2740 Frisingensi
565 2669 798 2728 renunciaretur.

311 2749 374 2809 Ode
391 2753 492 2812 XLVI.
525 2752 667 2811 Fastidire
683 2773 725 2820 se,
743 2771 819 2829 quae
836 2753 942 2828 vulgus
959 2756 1080 2828 appetit.

308 2833 370 2892 Ode
387 2837 502 2893 XLVII.
537 2839 763 2899 Enthusiaamus.
788 2841 899 2898 suasor
921 2859 1018 2915 prope
1036 2842 1156 2900 cairam

374 2937 534 2979 eonsoeasa
549 2923 660 2996 primae
683 2925 886 3001 magnitudinIs
907 2925 1057 2999 pyrrmide
1073 2939 1156 2988 vete·

378 3023 442 3062 rem
461 3025 626 3084 novamque
643 3010 806 3085 Aegyptam
825 3011 1050 3087 contemplator.

306 3087 370 3148 oda
387 3091 485 3152 XLIII.
520 3096 623 3154 illusio
639 3096 761 3171 poetica·

473 3267 782 3334 LXIIICORUII
811 3270 906 3332 LIB.
928 3270 982 3359 Iv,

311 3373 373 3432 Ode
397 3379 419 3432 I.
456 3379 560 3436 Omnia
586 3395 603 3434 a
628 3380 732 3437 Divina
757 3380 942 3455 providentia
968 3379 1097 3455 pendere
1124 3393 1155 3440 et

374 3461 542 3539 gubernari.
