2600 4284
270 528 310 610 76
546 560 550 567 ’
586 534 685 594 Jacobs
699 532 789 590 Baiis
886 535 890 546 '

310 710 445 775 Miratur
467 724 514 787 et,
539 731 717 794 quanquam
734 706 878 795 undique
900 707 1030 772 ferreas

312 814 412 895 Sepes
434 823 549 887 tuetur,
572 810 721 873 turbidus
743 811 857 873 emieat

352 912 478 998 Viaque
499 912 582 975 faeta
605 910 725 995 frangit
745 909 820 972 Afri
902 900 907 910 ’

394 1012 567 1097 Oppositas
588 1012 747 1074 animosus
768 1010 882 1075 hastas.

311 1168 401 1263 Quos
423 1164 479 1228 ille
499 1172 626 1251 pugnax
647 1162 771 1229 disitoit
792 1164 934 1229 obiiees!

311 1272 530 1354 importuosas
552 1287 587 1329 se
608 1285 707 1348 super
728 1266 853 1350 agmina
883 1266 888 1274 ’
941 1265 944 1274 ’

353 1368 477 1433 Effudit
499 1368 531 1429 in
554 1386 678 1429 merem
699 1367 873 1449 procellae,

396 1472 485 1567 Quae
508 1467 633 1532 decime
655 1467 801 1530 revoluta
821 1465 920 1531 fluctu
1014 1515 1018 1523 .

311 1624 460 1707 Immugit
481 1620 585 1685 astris.
625 1620 745 1681 Fertur
767 1618 806 1683 ad
826 1620 968 1695 ultimum

313 1728 457 1809 Urgente
478 1719 602 1814 tri'steis
622 1720 724 1783 milite
746 1718 845 1783 ferias

353 1828 494 1887 Demens
517 1818 708 1887 Amurathes
729 1823 903 1905 superbum

395 1922 556 1992 Dentibus
582 1912 792 2007 ins‘trepuisse
815 1943 928 1998 eoram,

314 2077 423 2141 Bessis
445 2076 483 2140 ab
506 2077 555 2138 ira
577 2076 885 2156 collacrymantibus,

310 2178 476 2262 Fissisque
497 2176 596 2240 labris
616 2190 648 2238 et
669 2174 781 2261 digitis
803 2175 865 2239 sibi

355 2280 498 2343 Cessisse
521 2277 735 2363 praemorsis,
766 2277 879 2340 delore

396 2384 496 2467 Inque
519 2380 626 2465 fugam
648 2378 836 2462 rabiemque
858 2371 963 2443 verso.

312 2539 446 2598 Tantum
469 2533 626 2619 supremis
647 2533 710 2595 ieta
730 2530 884 2614 perieulis

311 2636 433 2708 Virtus,
455 2635 624 2703 honestum
646 2633 723 2697 dsuu
740 2631 824 2714 petit
845 2631 983 2708 exitum·

351 2735 542 2823 Pulcerque
554 2734 757 2824 desperantis
777 2732 887 2799 arder·

398 2838 514 2905 Cordis
533 2836 629 2925 habet
651 2836 835 2919 trimulique
855 2833 953 2901 scuti..

310 3006 411 3066 Unam
432 3003 539 3065 duello
561 2998 679 3065 sortior
700 3002 798 3065 altera

311 3102 539 3169 Necessitatem
561 3124 657 3187 saepe
684 3102 860 3167 neeessitas

354 3204 533 3272 Absorheta
553 3219 586 3271 et
600 3204 763 3291 'probrum
783 3203 909 3288 timenti
937 3271 951 3283 ,Ι

393 3302 536 3367 Difficile
560 3319 609 3371 est
629 3304 781 3389 memisse
801 3305 919 3367 letum„
942 3352 946 3360 .

631 3475 645 3487 ι·
752 3475 767 3485 ιι
