2600 4284
238 550 303 621 876
493 590 497 598 .
539 543 640 600 iacobi
657 543 746 601 Baldo

281 720 430 783 Pcndcnt
452 740 492 781 ex
512 718 659 783 humeris
680 716 815 783 candida
845 719 984 803 galbana

282 822 334 884 Ad
356 820 437 885 talos
460 821 593 884 scutulis
614 840 716 905 usque
736 818 920 883 fluentibus.

282 922 405 986 Omnes
426 922 580 1006 imposito
602 920 734 985 turbine
758 922 875 984 vertici
948 981 952 989 ,

280 1024 400 1087 Sudant
419 1022 484 1086 vile
505 1035 599 1106 caput
619 1022 734 1107 tollere
758 1020 884 1083 celsius.

278 1122 400 1208 Ecquis
422 1122 586 1187 caeruleas
607 1120 789 1207 ingreditur
813 1142 911 1185 senex

279 1224 409 1287 lndutus
431 1223 575 1288 tunicas?
607 1222 802 1307 turrigeram
823 1224 934 1289 virens

279 1325 440 1408 sapphiro
463 1324 582 1390 cidaris
604 1324 780 1392 caesariem
801 1325 942 1408 premit:

278 1428 426 1491 Summae
448 1427 559 1491 forsan
580 1424 644 1489 crit
666 1423 810 1497 Muiilius
832 1425 967 1508 infulae,

278 1531 365 1591 Inter
386 1528 551 1593 Bistonius
573 1525 718 1592 nobilior
739 1547 848 1611 pupas.

277 1633 318 1693 Ut
338 1643 467 1697 torrens
490 1626 622 1714 rapidus
647 1624 784 1692 confluit
805 1626 841 1689 in
860 1627 973 1694 iorum

278 1729 423 1813 Linguis,
452 1751 520 1806 occ,
543 1751 635 1795 coma
655 1729 742 1795 ustio
764 1727 915 1795 discolor.

279 1831 389 1893 Tortis
406 1832 518 1898 mollia
533 1830 640 1896 Arabs
660 1830 800 1895 ambulat
821 1844 854 1893 et
874 1830 961 1895 Cilix

277 1932 319 1994 Et
340 1932 434 2003 tortis
456 1933 551 1998 aliter
572 1931 717 1998 crinibus
737 1931 908 2014 Aethiops.

279 2032 408 2100 Colchis
429 2034 542 2104 mistus
562 2034 649 2110 lbsr,
675 2035 816 2097 Sarmata
838 2033 978 2099 Teutoni

277 2136 320 2197 Et
340 2134 521 2207 Pelusiacis,
539 2131 703 2199 mercibus
724 2133 830 2199 italus.

279 2237 325 2298 Hi
347 2249 471 2321 gestant
495 2235 629 2321 gladios,
654 2234 689 2297 hi
709 2234 851 2300 iaculum.
867 2254 980 2316 mnuu3

276 2338 370 2400 Alter
391 2356 468 2420 gesa
491 2336 612 2409 ferens,
638 2336 719 2400 alter
742 2336 923 2401 acinacem..

278 2441 358 2500 Para
382 2436 507 2508 fuscant
527 2436 654 2510 facicm,
678 2458 753 2519 pars
774 2438 873 2503 minio
895 2436 1033 2503 rubam..

276 2539 395 2602 Errant
415 2537 490 2601 hoie
512 2538 607 2601 etiam
628 2538 751 2600 Suerua
774 2552 807 2603 ct
827 2539 943 2616 Aluan,

278 2639 383 2703 Ambo
405 2640 464 2703 sub
488 2637 626 2703 dominis
646 2636 794 2721 pluribus
812 2639 931 2707 exules.

277 2743 327 2803 Ex
347 2741 473 2814 braccis
492 2741 586 2824 prior
603 2739 812 2822 agnosciturr.
827 2741 883 2807 has
904 2763 1003 2829 queas

277 2842 433 2927 vaginam
455 2842 561 2926 potius
582 2840 693 2905 dicere
716 2844 874 2925 corporis.

276 2943 304 3004 A
328 2941 475 3006 rbombia
498 2942 620 3009 varium
642 2940 898 3008 uersicoloribus

278 3044 460 3108 Tborncem
480 3043 598 3128 religat
618 3039 714 3105 fibula
735 3045 912 3129 multiplex.

275 3146 342 3241 Qui
363 3167 442 3210 vero
465 3146 544 3210 Salii
566 3165 626 3230 per
646 3143 766 3227 plateas
790 3162 905 3213 canunt

276 3246 466 3312 Scindentur
488 3248 575 3313 fatuo
598 3244 728 3309 brachia
752 3247 917 3313 vulnercl.

276 3348 349 3411 noti
369 3368 429 3413 ceu
450 3348 545 3411 furiis
567 3347 607 3411 ad
629 3348 864 3429 Berecynthiae

277 3450 428 3535 Spumant
448 3464 550 3517 casua
572 3449 670 3531 dcu05
699 3450 824 3517 rollioct
845 3451 953 3521 obviis
