2600 4284
294 526 358 596 332
537 567 541 576 .
566 546 575 555 ·
597 521 702 579 tuconi
720 520 808 579 natae
839 566 847 588 .

333 697 479 760 Pellaeus
500 691 616 759 hausit.
650 699 741 757 Tune
763 695 862 759 etiam·
879 695 973 761 furor

334 798 437 865 Obest
459 795 579 860 amiui'a.
623 801 714 861 Tune
736 798 835 863 subiti
855 802 948 865 Ioves

374 902 551 963 Nascuntur
568 899 602 961 in
622 920 730 964 mensa
751 918 920 989 rotantque

418 1000 563 1064 Fulmina
581 1022 644 1084 par
662 1016 788 1085 pateras
811 1006 982 1070 sonanteis.

333 1191 456 1256 Innube
477 1192 602 1255 coelum
623 1191 743 1255 frontis
766 1191 911 1255 amabile.

333 1295 414 1392 Quia
435 1296 528 1357 thura
551 1296 683 1377 supplex
704 1292 820 1357 offerat
840 1307 872 1356 et
891 1314 1020 1378 preces,

374 1398 409 1461 Si
430 1411 519 1461 torva
539 1398 686 1459 maiestas
707 1394 747 1461 ad
768 1417 854 1458 aram

416 1503 493 1586 lgna
515 1514 603 1563 tonat
624 1498 799 1585 iaculisque
821 1497 956 1563 stridet?

330 1674 402 1738 Non
424 1662 603 1747 Africanin,
630 1692 695 1734 non
717 1672 904 1753 Halyatticis

331 1776 462 1858 Europa
484 1775 584 1837 servit
603 1773 740 1858 iegibus.
763 1772 851 1835 India

374 1882 520 1940 Truncos
542 1875 655 1938 adoret
676 1888 709 1939 et
729 1896 789 1959 per
812 1898 927 1939 annum

414 1978 492 2045 Visa
513 1980 613 2042 aamel
634 1978 804 2042 simulacra
824 2000 946 2064 regum.

331 2149 386 2215 Sol
407 2150 477 2232 ipse
499 2148 620 2213 tristeia
643 2170 679 2213 ac
701 2150 806 2233 pluvia
830 2151 955 2235 graneis

284 2295 288 2304 ·
332 2253 446 2322 Vultus
468 2250 587 2316 deeora
605 2267 762 2336 temperat
783 2253 878 2339 iride,

372 2360 439 2419 Ros
461 2353 544 2416 unde
567 2355 678 2417 labens
700 2356 879 2421 etmatallo

414 2457 542 2522 Concha
563 2478 646 2521 novo
667 2456 809 2541 pretiosa
831 2455 935 2519 stillat.

331 2660 470 2721 Currum
491 2668 525 2717 ut
546 2674 655 2716 amnes
675 2653 710 2715 in
731 2674 828 2729 mara,
854 2653 900 2717 uie
920 2651 1021 2719 fluant

331 2760 421 2844 Opes
444 2758 476 2819 in
497 2778 611 2830 arcam,
633 2778 746 2819 rursus
767 2770 802 2818 ut
823 2752 954 2819 effluant

372 2865 413 2925 Et
433 2862 487 2924 hic
508 2859 668 2923 redundet
688 2876 816 2944 gurges.
848 2842 930 2921 Auri

413 2969 515 3051 Larga
537 2984 656 3039 manus,
680 2961 739 3025 aed
759 2980 853 3024 ¹nnuma
872 2960 955 3023 ferri

241 3147 245 3155 ’
330 3136 454 3221 Vagina
473 3132 602 3199 clarent.
634 3132 772 3209 Parcite,
795 3133 969 3217 prinoipem

330 3239 457 3303 Munire
477 3251 604 3301 vertrae
623 3237 771 3302 excubiis
792 3237 886 3304 laras·

369 3339 410 3401 Ni
430 3339 594 3413 terreatis,
616 3339 663 3400 nil
684 3340 812 3403 timetis.

414 3440 479 3501 Pax
500 3439 598 3501 animi
618 3439 782 3521 trepidare
799 3442 903 3509 uetuit

434 3745 824 3935 [A
