2600 4284
270 502 334 575 836
564 497 665 555 Jaaubi
681 496 768 553 Balde

306 680 398 740 Nunc
418 673 606 737 inanienteis
624 687 700 756 post
721 671 920 735 Camerarius

309 776 508 841 Cuniculosia
532 775 637 837 omnia
658 774 824 837 fraudibus

353 877 494 942 Suffossa
515 877 732 962 quadrataque
754 878 842 961 rupit

393 982 530 1067 Agmine
549 979 777 1045 Machiavallus
800 1000 920 1044 orcum.

313 1175 438 1235 Cretata
457 1168 568 1234 vendit
588 1190 624 1233 ae
646 1168 799 1253 sapientia

310 1278 493 1359 Veramque
514 1272 614 1336 lueria
634 1272 790 1355 turpibus*
804 1272 954 1351 immolat,

352 1377 436 1441 Pelii
457 1375 604 1439 leoninae
626 1377 687 1440 seit
708 1376 826 1461 impru-

394 1479 461 1543 viaa
484 1479 719 1543 aramanciare
744 1481 866 1564 vulpes.

311 1669 376 1729 Per
397 1665 462 1729 heu
481 1664 629 1729 incendas
651 1666 847 1751 Achitophei
870 1684 961 1728 suum

313 1772 384 1833 Non
406 1790 486 1832 unus
508 1771 605 1832 arteis
625 1768 774 1833 nobilitat
795 1791 903 1854 genus.

357 1873 499 1957 Argutus
520 1872 700 1935 incrustare
721 1871 823 1936 verba

398 1975 530 2059 ingenio
552 1976 680 2061 potiore
701 1973 809 2038 vincit.

316 2166 358 2228 At
378 2189 442 2229 non
464 2167 635 2251 triumphis
656 2180 796 2229 monstra
819 2160 1016 2248 perennibus

316 2270 446 2353 impune
466 2272 553 2333 nullo
575 2267 703 2334 vindice
726 2266 885 2335 saevient:

359 2372 533 2435 Iniuriosae
553 2373 641 2435 larva
664 2370 780 2443 mentis

403 2477 505 2560 Saepe
527 2473 656 2562 quidem
679 2487 772 2559 queat
794 2493 865 2536 esse
888 2484 979 2545 tecta,

320 2647 385 2713 sed
404 2662 470 2712 tuta
489 2670 656 2733 nunquam.
703 2646 757 2709 Sol
779 2642 886 2707 radios
908 2642 982 2706 dolo

320 2756 469 2837 Inverget
491 2749 585 2829 olim3
610 2746 728 2810 defluet
750 2746 868 2811 allitum

363 2855 515 2919 Claustris
538 2852 576 2914 ab
598 2848 686 2913 omni
708 2865 797 2935 parte
821 2870 953 2933 gypsum

403 2961 445 3021 Et
465 2956 572 3041 paries
595 2952 755 3038 animique
778 2950 871 3017 stabit

324 3132 487 3194 structura
508 3126 587 3190 nudi
607 3126 666 3189 aab
686 3126 791 3209 patulo
813 3128 888 3189 lore

233 3262 237 3268 โด
324 3231 470 3303 Videnda
490 3231 586 3293 nullis
610 3230 696 3313 pieta
719 3227 890 3292 coloribus.

367 3336 443 3398 Cum
464 3333 691 3416 protrahentur
710 3331 878 3413 purulenta

406 3436 435 3497 E
457 3431 584 3516 trepido
606 3432 711 3515 Stygia
735 3452 794 3496 ova
814 3429 903 3507 nido,
961 3454 964 3463 ยน
